2954 4886
231 333 281 374 oo.
302 333 381 375 xmr.
414 329 687 375 ranarosrruana
704 331 863 376 urorsrar
878 331 1039 377 Pramum.
1120 317 1181 378 219

343 501 530 566 Praefectus
554 503 772 566 Sarmatarum
796 502 988 586 gentilium,
1018 504 1062 586 (in
1078 503 1182 587 Ligu-

409 604 465 688 ria)
493 604 664 668 Pollentia.

292 711 339 770 Iro
365 707 529 771 Gallia:
1183 719 1336 771 accan-¹¹²²*

345 810 532 874 Praefectus
556 813 774 874 Sarmatarum
797 822 829 874 et
851 812 1049 876 Taifalorum
1075 813 1181 894 genti-

408 912 506 989 lium,
531 913 674 977 Pictauis
702 913 746 995 lin
763 913 897 996 Gallia].

346 1017 529 1080 Praefectus
561 1019 779 1080 Sarmatarum
802 1017 991 1098 gentilium,
1029 1040 1047 1079 a
1076 1019 1183 1082 Chora

410 1121 551 1183 Parisios
575 1140 688 1201 usque.
1220 1105 1223 1113 ¹

346 1223 531 1287 Praefectus
555 1223 774 1286 Sarmatarum
796 1222 989 1304 gentilium,
1014 1225 1099 1287 inter
1116 1225 1183 1288 Re-

410 1348 469 1390 nos
495 1337 527 1388 et
550 1325 745 1388 Tambianos
760 1329 793 1404 ¹⁰)
822 1325 1010 1408 prouinciae
1034 1326 1183 1409 Belgicae

412 1429 583 1492 secundae.

347 1533 531 1597 Praefectus
556 1531 772 1596 Sarmatarum
795 1532 987 1615 gentilium,
1024 1554 1082 1615 per
1115 1547 1184 1598 tra-

410 1647 499 1698 ctum
521 1635 796 1718 Roduneasemw)
826 1646 858 1698 et
876 1635 1137 1718 Alaunorumv).

346 1739 528 1801 Praefectus
553 1741 769 1802 Sarmatarum
791 1738 975 1823 gentilium,
1004 1739 1180 1824 Lingonas.

347 1843 530 1905 Praefectus
556 1842 772 1905 Sarmatarum
795 1841 980 1926 gentilium,
1006 1845 1076 1904 Aa.
1091 1891 1180 1906 .....
1230 1861 1232 1866 ·

316 2065 447 2130 Ecetdr't
470 2071 502 2128 r'u
525 2065 693 2149 archetypo
705 2067 829 2150 folr'um
856 2089 961 2128 unum.

172 2273 208 2334 la>
231 2273 329 2325 Remos
348 2281 375 2324 et
393 2272 542 2326 Ambianos
564 2273 655 2325 Galen.
713 2275 753 2338 20)
775 2268 919 2340 Ῥοδοὺμνα
938 2272 1008 2325 Ptol.
1029 2271 1207 2332 aoidomna,
1281 2309 1283 2316 ι

107 2356 172 2408 Tiro.
225 2360 265 2419 21>
288 2357 452 2412 Uelauorum
472 2358 559 2412 Brea.

171 2549 201 2598 ot
219 2555 396 2600 sarmatarum
414 2546 557 2616 gentilium
576 2549 621 2612 ΡΙΙ
634 2547 800 2616 &timictonia
819 2548 846 2614 in
864 2547 945 2616 gallia
959 2553 1021 2618 post
1039 2546 1182 2614 gentilium

105 2631 181 2684 inser.
202 2633 228 2684 P
244 2635 254 2697 ΙΙ
274 2632 375 2702 parisio
398 2633 497 2698 01¹Vu
516 2638 547 2686 (ὶῖ
568 2632 724 2687 cambianos
743 2633 800 2686 PV
816 2633 970 2686 rambianos
990 2634 1028 2684 M
1041 2635 1052 2697 ll
1072 2635 1104 2684 68
1124 2633 1182 2686 Ro·

106 2715 247 2772 ‹lunensem
265 2729 293 2772 et
311 2719 480 2773 Alaunorum
499 2739 549 2772 oar.
570 2722 608 2774 M
616 2722 625 2785 ΙΙ
644 2727 760 2773 tractum
779 2719 883 2772 roduna
901 2717 1145 2771 semetalaunorum
1161 2721 1187 2772 P

106 2811 215 2856 tractum
237 2807 362 2875 (spatium
376 2811 496 2868 uacuam)
517 2807 589 2860 dune
607 2813 707 2858 semela
718 2805 862 2859 launorum
880 2806 904 2858 0
920 2813 1035 2858 tractum
1056 2807 1182 2880 (epatium

106 2896 220 2953 arrectum)
242 2899 342 2944 semera
359 2878 502 2944 launoium
526 2893 570 2957 Vll
583 2894 624 2944 69.
640 2895 672 2942 ἰθ
684 2909 734 2943 nm.
757 2887 792 2942 M
802 2893 813 2955 11
826 2893 858 2942 69
877 2899 1042 2944 sanatorum
1056 2890 1093 2943 P.'
