2988 4882
309 243 377 312 irxx
753 269 955 314 PRAEFATIO.

309 439 398 520 ipse,
427 437 562 503 notitiae
585 437 768 502 Galliarum
790 439 975 502 Parisinum
1004 439 1119 502 dmea
1146 460 1244 502 causa
1271 438 1414 502 euoluit

309 524 514 600 Hirschfeld,
539 524 695 587 libromm
718 524 965 588 Coloniensium
988 527 1173 609 apographa
1190 548 1224 588 u.
1243 526 1274 587 d.
1302 527 1412 588 Wat-

309 610 467 685 tenbach,
498 620 672 692 antequam
693 611 975 693 imprimerentur,
1007 613 1088 675 mihi
1117 613 1240 675 utenda
1261 632 1411 674 conces-

310 697 371 772 sit;
401 706 566 780 praeterea
587 719 644 759 uu.
670 697 724 760 dd.
752 697 892 760 Schmitz
916 697 1120 760 Coloniensis
1154 709 1187 761 et
1208 697 1412 760 Gardthau—

310 804 368 845 sen
383 782 565 864 Lipsiensis
587 783 775 846 collationes
793 784 942 846 codicum
958 784 1189 846 nonnullorum
1211 805 1278 846 ase
1294 783 1409 846 factas

310 868 542 950 benignissime
569 889 697 931 mecum
718 870 1057 945 communicauerunt,
1090 891 1170 951 quas
1197 880 1323 944 tamen,
1360 892 1410 932 ne

310 954 412 1017 moles
435 964 608 1037 apparatus
631 954 734 1017 critici
761 957 797 1017 in
819 955 1016 1018 immensum
1039 968 1211 1029 cresceret,
1242 956 1408 1018 adhibere

311 1041 413 1103 nolui.
466 1041 666 1106 Adiumenta
694 1040 820 1123 reliqua
850 1042 1001 1104 editionis
1031 1042 1122 1104 libris
1150 1043 1314 1124 impressis
1339 1042 1407 1104 de-

310 1127 388 1202 beo,
421 1126 476 1209 qni
505 1149 580 1189 cum
607 1127 643 1188 in
665 1128 812 1191 omnium
840 1127 991 1191 manibus
1020 1139 1207 1204 uersentur,
1240 1128 1333 1210 plura
1358 1127 1406 1189 de

312 1212 358 1276 eis
381 1213 486 1276 dicere
509 1214 713 1295 supersedeo.

397 1299 504 1381 Opere
527 1309 601 1382 post
623 1299 720 1362 trium
743 1321 902 1362 annorum
918 1322 1010 1362 curas
1026 1300 1173 1362 absoluto
1189 1321 1285 1362 nemo
1301 1301 1405 1362 credo

311 1407 362 1448 me
385 1385 456 1469 ipso
478 1385 595 1448 melius
617 1385 809 1469 perspiciet,
836 1408 933 1468 quam
947 1386 1050 1449 multa
1072 1386 1142 1449 aliis
1159 1385 1342 1469 supplenda
1368 1399 1405 1448 et

311 1472 501 1554 corrigenda
523 1471 724 1552 reliquerim3
748 1472 783 1534 id
806 1483 915 1534 autem
938 1494 989 1534 me
1013 1472 1157 1535 effecisse
1180 1493 1266 1550 reor,
1300 1482 1339 1533 ut
1363 1472 1402 1538 in

311 1557 404 1622 libris
439 1558 607 1633 omnibus,
644 1579 723 1639 quos
757 1558 820 1620 hoc
854 1558 1021 1620 uolumine
1056 1558 1233 1635 coniunxi,
1269 1557 1334 1620 iarn
1359 1560 1403 1620 de

310 1643 524 1720 lectionibus,
562 1665 645 1726 quae
674 1666 732 1727 pro
762 1643 886 1707 traditis
919 1645 1126 1727 accipiendae
1159 1645 1243 1720 sint,
1273 1643 1403 1726 ubique

311 1740 447 1792 constet.
495 1730 538 1793 Et
560 1730 659 1806 haec,
688 1752 785 1812 quam
807 1731 862 1793 uel
892 1731 1066 1794 maximam
1088 1731 1186 1793 huius
1208 1730 1284 1793 libri
1306 1730 1403 1792 utili-

311 1826 412 1879 tatem
433 1815 599 1891 duxerim,
629 1839 697 1879 non
720 1828 786 1879 tam
808 1816 888 1878 mihi
911 1816 974 1899 ipsi
997 1818 1134 1880 debetur
1155 1838 1252 1900 quam
1275 1815 1403 1879 amico-

310 1923 383 1966 rum
405 1913 437 1965 et
459 1903 622 1965 fautorum
645 1903 742 1966 huius
765 1903 870 1985 operis
893 1903 1137 1985 benignissimis
1153 1903 1278 1965 studiis.
1312 1902 1401 1968 Qui-

310 1990 371 2052 bus
394 1988 545 2052 omnibus
567 1989 716 2070 inprimis
740 1989 971 2065 Mommsenio,
1007 1990 1048 2051 de
1071 1989 1186 2062 Borio,
1212 1988 1402 2051 Hirschfel-

311 2075 365 2137 dio
388 2074 507 2156 gratias
530 2076 686 2138 maximas
710 2097 770 2157 ago
794 2086 827 2139 et
849 2096 961 2138 omnes
983 2085 1110 2138 acturos
1134 2097 1203 2139 esse
1217 2084 1315 2158 puto,
1339 2077 1400 2156 qui

312 2159 485 2243 aliquando
508 2160 570 2223 hoc
592 2161 674 2223 libro
697 2161 787 2224 usuri
810 2172 896 2224 sunt.

397 2295 549 2374 Parisiis,
575 2319 686 2361 mense
708 2281 857 2382 Augusto
878 2297 1187 2361 MDCCCLXXVI.
