2988 4882
588 1279 621 1362 Ι.

106 1499 240 1574 Notitia
269 1501 481 1596 dignitatum
509 1503 683 1590 omniun,
716 1511 789 1576 tarn
816 1503 971 1577 ciuilium
999 1527 1104 1600 quarn

271 1621 937 1718 nfflmmmmpmMmfflmm.

211 2049 399 2112 Praefectus
422 2052 581 2133 praetorio
604 2053 773 2116 Orientis(

211 2153 395 2216 Praefectus
420 2155 578 2236 praetorio
602 2157 731 2238 Illyriai.

211 2256 397 2319 Praefectus
421 2259 508 2320 urbis
533 2259 922 2342 Constantinopolitanae.

210 2359 358 2441 Magistri
381 2362 527 2443 equitum
550 2373 581 2424 et
603 2363 748 2444 peditum
772 2364 807 2426 in
831 2365 991 2446 praesenti
1015 2365 1089 2427 duo.
1140 2380 1142 2386 ’

255 2463 410 2544 Equitum
435 2476 465 2527 et
486 2467 629 2548 perlitum
653 2488 708 2548 per
731 2466 909 2528 Orientem.

225 2593 228 2597 ·
257 2567 410 2649 Equitum
433 2579 465 2631 et
486 2570 632 2651 peditum
655 2591 712 2652 per
735 2569 898 2634 Thracias
989 2563 991 2567 ’

256 2669 412 2753 Equitum
436 2681 466 2733 et
487 2673 632 2756 perlitum
655 2694 712 2755 per
734 2673 911 2754 Illyricum.

212 2773 419 2857 Praepositae
443 2775 524 2836 sacri
547 2776 700 2838 cubiculi.

209 2875 366 2959 Magister
389 2859 576 2940 officiorum.

210 2979 378 3044 Quaestor.

103 3166 105 3172 Ι
210 3075 336 3144 Comes·
350 3105 509 3146 sacrarum
533 3083 751 3165 largitionum.

211 3185 327 3248 Comes
350 3209 456 3249 rerum
479 3187 687 3271 priuatarum.

211 3289 354 3352 Comites
378 3290 625 3352 domesticorum
648 3291 730 3352 diro:

254 3391 419 3474 Equitum.

254 3495 412 3557 Peditum.

210 3597 415 3660 Primicerius
439 3597 520 3660 sacri
544 3591 695 3660 cubiculi.

209 3701 414 3764 Primicerius
440 3701 651 3764 notariorum.

211 3803 389 3867 Castrensis
413 3805 492 3868 sacri
519 3804 642 3886 palatii.

135 4017 218 4078 iffi
238 4026 401 4096 dignitatum
426 4027 602 4093 uncturum
629 4013 685 4082 ον
702 4031 712 4093 ιι
736 4029 764 4081 in
788 4048 838 4081 om.
864 4028 890 4080 P
907 4031 918 4093 ιι
940 4031 955 4080 2
980 4029 1097 4082 retectus
1119 4030 1146 4081 ι’

77 4109 149 4172 sparto
165 4113 288 4166 rubricae
304 4131 388 4166 rancun
400 4114 498 4166 relicto.
515 4117 525 4178 ΙΙ
538 4117 553 4165 3
572 4114 678 4183 ollyriei
692 4115 763 4178 Pus
781 4123 818 4185 pp
835 4115 915 4168 uPM
927 4132 997 4184 papo
1016 4116 1061 4178 ΠΙ
1074 4115 1142 4168 sacri

76 4209 117 4242 ιιι.
136 4197 168 4248 M
183 4200 193 4262 ΙΙ
215 4197 246 4249 12
260 4203 320 4250 οοιῖι
335 4199 532 4253 CPVcomites
552 4202 588 4252 M
601 4203 612 4264 ΙΙ
633 4202 662 4252 13
681 4202 740 4253 com
761 4201 810 4254 ΟΡ
825 4192 894 4252 roffi
918 4201 944 4252 V
959 4202 1070 4254 comites
1089 4204 1126 4254 M
1134 4203 1143 4264 ιι

22 4303 25 4311 ·
74 4277 102 4326 it
118 4279 253 4336 domestici
272 4301 362 4337 eorum
382 4285 408 4337 P

14 4413 19 4442 t
116 4381 205 4426 nonni
219 4398 367 4428 nrosrrnrurr.
924 4394 932 4440 1
