<?xml version="1.0" encoding="UTF-8"?>
<!DOCTYPE html PUBLIC "-//W3C//DTD XHTML 1.0 Transitional//EN"
    "http://www.w3.org/TR/xhtml1/DTD/xhtml1-transitional.dtd">
<html xmlns="http://www.w3.org/1999/xhtml" xml:lang="en" lang="en">
 <head>
  <title>
</title>
<meta http-equiv="Content-Type" content="text/html;charset=utf-8" />
  <meta name='ocr-system' content='tesseract 3.04.00' />
  <meta name='ocr-capabilities' content='ocr_page ocr_carea ocr_par ocr_line ocrx_word'/>
</head>
<body>
  <div class='ocr_page' id='page_1' title='image "./notitiadignitat00silvgoog/notitiadignitat00silvgoog_0030.png"; bbox 0 0 2988 4882; ppageno 0'>
   <div class='ocr_carea' id='block_1_1' title="bbox 299 299 945 350">
    <p class='ocr_par' dir='ltr' id='par_1_1' title="bbox 299 299 945 350">
     <span class='ocr_line' id='line_1_1' title="bbox 299 299 945 350; baseline 0.009 -6"><span class='ocrx_word' id='word_1_1' title='bbox 299 299 383 345; x_wconf 84' lang='lat' dir='ltr'>XXVI</span> <span class='ocrx_word' id='word_1_2' title='bbox 750 303 945 350; x_wconf 78' lang='lat' dir='ltr'><strong>PRAEFATIO.</strong></span> 
     </span>
    </p>
   </div>
   <div class='ocr_carea' id='block_1_2' title="bbox 299 473 1397 2111">
    <p class='ocr_par' dir='ltr' id='par_1_2' title="bbox 299 473 1397 2111">
     <span class='ocr_line' id='line_1_2' title="bbox 386 473 1395 560; baseline 0.008 -26"><span class='ocrx_word' id='word_1_3' title='bbox 386 473 516 536; x_wconf 86' lang='lat' dir='ltr'>Praeter</span> <span class='ocrx_word' id='word_1_4' title='bbox 545 495 583 537; x_wconf 90' lang='lat' dir='ltr'>ea</span> <span class='ocrx_word' id='word_1_5' title='bbox 610 475 748 551; x_wconf 90' lang='lat' dir='ltr'>menda,</span> <span class='ocrx_word' id='word_1_6' title='bbox 784 475 903 557; x_wconf 91' lang='lat' dir='ltr'>quibus</span> <span class='ocrx_word' id='word_1_7' title='bbox 932 477 971 538; x_wconf 92' lang='lat' dir='ltr'>de</span> <span class='ocrx_word' id='word_1_8' title='bbox 1006 477 1148 559; x_wconf 87' lang='lat' dir='ltr'>egimus,</span> <span class='ocrx_word' id='word_1_9' title='bbox 1186 478 1395 560; x_wconf 87' lang='lat' dir='ltr'>corruptelae</span> 
     </span>
     <span class='ocr_line' id='line_1_3' title="bbox 299 560 1397 645; baseline 0.005 -23"><span class='ocrx_word' id='word_1_10' title='bbox 299 581 454 644; x_wconf 83' lang='lat' dir='ltr'>perquam</span> <span class='ocrx_word' id='word_1_11' title='bbox 476 560 597 624; x_wconf 88' lang='lat' dir='ltr'>multae</span> <span class='ocrx_word' id='word_1_12' title='bbox 621 583 661 624; x_wconf 86' lang='lat' dir='ltr'>ex</span> <span class='ocrx_word' id='word_1_13' title='bbox 682 560 797 624; x_wconf 90' lang='lat' dir='ltr'>litteris</span> <span class='ocrx_word' id='word_1_14' title='bbox 820 561 1078 645; x_wconf 81' lang='lat' dir='ltr'>anglosaxonicis</span> <span class='ocrx_word' id='word_1_15' title='bbox 1100 562 1184 627; x_wconf 91' lang='lat' dir='ltr'>male</span> <span class='ocrx_word' id='word_1_16' title='bbox 1200 563 1292 628; x_wconf 85' lang='lat' dir='ltr'>lectis</span> <span class='ocrx_word' id='word_1_17' title='bbox 1309 587 1397 628; x_wconf 87' lang='lat' dir='ltr'>ena-</span> 
     </span>
     <span class='ocr_line' id='line_1_4' title="bbox 300 647 1397 732; baseline 0.005 -23"><span class='ocrx_word' id='word_1_18' title='bbox 300 656 351 710; x_wconf 89' lang='lat' dir='ltr'>tae</span> <span class='ocrx_word' id='word_1_19' title='bbox 375 655 468 722; x_wconf 89' lang='lat' dir='ltr'>sunt,</span> <span class='ocrx_word' id='word_1_20' title='bbox 499 648 587 730; x_wconf 92' lang='lat' dir='ltr'>quod</span> <span class='ocrx_word' id='word_1_21' title='bbox 609 648 644 710; x_wconf 90' lang='lat' dir='ltr'>in</span> <span class='ocrx_word' id='word_1_22' title='bbox 666 647 779 729; x_wconf 89' lang='lat' dir='ltr'>primis</span> <span class='ocrx_word' id='word_1_23' title='bbox 803 658 937 731; x_wconf 86' lang='lat' dir='ltr'>apparet</span> <span class='ocrx_word' id='word_1_24' title='bbox 957 649 993 711; x_wconf 92' lang='lat' dir='ltr'>in</span> <span class='ocrx_word' id='word_1_25' title='bbox 1015 650 1309 732; x_wconf 83' lang='lat' dir='ltr'>permutationibus</span> <span class='ocrx_word' id='word_1_26' title='bbox 1332 651 1397 714; x_wconf 85' lang='lat' dir='ltr'>lit-</span> 
     </span>
     <span class='ocr_line' id='line_1_5' title="bbox 300 732 1395 818; baseline 0.005 -24"><span class='ocrx_word' id='word_1_27' title='bbox 300 732 439 794; x_wconf 87' lang='lat' dir='ltr'>lerarum</span> <span class='ocrx_word' id='word_1_28' title='bbox 469 754 490 793; x_wconf 80' lang='lat' dir='ltr'>a</span> <span class='ocrx_word' id='word_1_29' title='bbox 513 742 545 795; x_wconf 89' lang='lat' dir='ltr'>et</span> <span class='ocrx_word' id='word_1_30' title='bbox 572 755 606 810; x_wconf 82' lang='lat' dir='ltr'>r,</span> <span class='ocrx_word' id='word_1_31' title='bbox 631 755 649 795; x_wconf 83' lang='lat' dir='ltr'>r</span> <span class='ocrx_word' id='word_1_32' title='bbox 671 743 704 796; x_wconf 89' lang='lat' dir='ltr'>et</span> <span class='ocrx_word' id='word_1_33' title='bbox 724 757 762 818; x_wconf 72' lang='lat' dir='ltr'>y,</span> <span class='ocrx_word' id='word_1_34' title='bbox 794 758 814 797; x_wconf 84' lang='lat' dir='ltr'>a</span> <span class='ocrx_word' id='word_1_35' title='bbox 836 744 869 797; x_wconf 92' lang='lat' dir='ltr'>et</span> <span class='ocrx_word' id='word_1_36' title='bbox 889 756 911 796; x_wconf 81' lang='lat' dir='ltr'>a</span> <span class='ocrx_word' id='word_1_37' title='bbox 934 745 1000 798; x_wconf 87' lang='lat' dir='ltr'>tarn</span> <span class='ocrx_word' id='word_1_38' title='bbox 1029 756 1124 818; x_wconf 83' lang='lat' dir='ltr'>saepe</span> <span class='ocrx_word' id='word_1_39' title='bbox 1155 737 1318 818; x_wconf 86' lang='lat' dir='ltr'>repetitis,</span> <span class='ocrx_word' id='word_1_40' title='bbox 1351 751 1395 800; x_wconf 90' lang='lat' dir='ltr'>ut</span> 
     </span>
     <span class='ocr_line' id='line_1_6' title="bbox 300 818 1395 903; baseline 0.005 -23"><span class='ocrx_word' id='word_1_41' title='bbox 300 819 367 882; x_wconf 88' lang='lat' dir='ltr'>fere</span> <span class='ocrx_word' id='word_1_42' title='bbox 390 819 430 880; x_wconf 91' lang='lat' dir='ltr'>ad</span> <span class='ocrx_word' id='word_1_43' title='bbox 454 818 622 882; x_wconf 83' lang='lat' dir='ltr'>arbitrium</span> <span class='ocrx_word' id='word_1_44' title='bbox 645 841 743 881; x_wconf 90' lang='lat' dir='ltr'>unam</span> <span class='ocrx_word' id='word_1_45' title='bbox 766 842 825 903; x_wconf 92' lang='lat' dir='ltr'>pro</span> <span class='ocrx_word' id='word_1_46' title='bbox 848 819 947 883; x_wconf 85' lang='lat' dir='ltr'>altera</span> <span class='ocrx_word' id='word_1_47' title='bbox 962 842 1082 903; x_wconf 90' lang='lat' dir='ltr'>ponere</span> <span class='ocrx_word' id='word_1_48' title='bbox 1104 820 1210 884; x_wconf 90' lang='lat' dir='ltr'>liceat.</span> <span class='ocrx_word' id='word_1_49' title='bbox 1257 822 1395 886; x_wconf 87' lang='lat' dir='ltr'>Diuisio</span> 
     </span>
     <span class='ocr_line' id='line_1_7' title="bbox 301 903 1394 992; baseline 0.006 -26"><span class='ocrx_word' id='word_1_50' title='bbox 301 915 409 968; x_wconf 88' lang='lat' dir='ltr'>antem</span> <span class='ocrx_word' id='word_1_51' title='bbox 432 903 489 968; x_wconf 86' lang='lat' dir='ltr'>illa</span> <span class='ocrx_word' id='word_1_52' title='bbox 511 904 734 968; x_wconf 88' lang='lat' dir='ltr'>columnarum</span> <span class='ocrx_word' id='word_1_53' title='bbox 758 916 790 968; x_wconf 91' lang='lat' dir='ltr'>et</span> <span class='ocrx_word' id='word_1_54' title='bbox 811 907 1014 990; x_wconf 84' lang='lat' dir='ltr'>paginarum,</span> <span class='ocrx_word' id='word_1_55' title='bbox 1041 928 1138 990; x_wconf 87' lang='lat' dir='ltr'>quam</span> <span class='ocrx_word' id='word_1_56' title='bbox 1159 908 1195 971; x_wconf 90' lang='lat' dir='ltr'>in</span> <span class='ocrx_word' id='word_1_57' title='bbox 1214 908 1394 992; x_wconf 89' lang='lat' dir='ltr'>archetypo</span> 
     </span>
     <span class='ocr_line' id='line_1_8' title="bbox 300 990 1389 1075; baseline 0.004 -22"><span class='ocrx_word' id='word_1_58' title='bbox 300 991 402 1054; x_wconf 86' lang='lat' dir='ltr'>fnisse</span> <span class='ocrx_word' id='word_1_59' title='bbox 426 990 584 1067; x_wconf 88' lang='lat' dir='ltr'>uidimus,</span> <span class='ocrx_word' id='word_1_60' title='bbox 614 1012 687 1053; x_wconf 90' lang='lat' dir='ltr'>cum</span> <span class='ocrx_word' id='word_1_61' title='bbox 717 1013 869 1075; x_wconf 84' lang='lat' dir='ltr'>magnam</span> <span class='ocrx_word' id='word_1_62' title='bbox 892 1002 925 1054; x_wconf 86' lang='lat' dir='ltr'>et</span> <span class='ocrx_word' id='word_1_63' title='bbox 946 991 1115 1068; x_wconf 90' lang='lat' dir='ltr'>inutilem,</span> <span class='ocrx_word' id='word_1_64' title='bbox 1141 1003 1178 1056; x_wconf 94' lang='lat' dir='ltr'>ut</span> <span class='ocrx_word' id='word_1_65' title='bbox 1198 995 1389 1072; x_wconf 90' lang='lat' dir='ltr'>uidebatur,</span> 
     </span>
     <span class='ocr_line' id='line_1_9' title="bbox 300 1076 1391 1161; baseline 0.003 -20"><span class='ocrx_word' id='word_1_66' title='bbox 300 1078 506 1141; x_wconf 87' lang='lat' dir='ltr'>membranae</span> <span class='ocrx_word' id='word_1_67' title='bbox 536 1076 755 1161; x_wconf 87' lang='lat' dir='ltr'>profusionem</span> <span class='ocrx_word' id='word_1_68' title='bbox 783 1078 976 1161; x_wconf 90' lang='lat' dir='ltr'>requireret,</span> <span class='ocrx_word' id='word_1_69' title='bbox 1011 1079 1143 1161; x_wconf 89' lang='lat' dir='ltr'>penitus</span> <span class='ocrx_word' id='word_1_70' title='bbox 1175 1080 1301 1144; x_wconf 88' lang='lat' dir='ltr'>sublata</span> <span class='ocrx_word' id='word_1_71' title='bbox 1325 1094 1391 1145; x_wconf 89' lang='lat' dir='ltr'>est.</span> 
     </span>
     <span class='ocr_line' id='line_1_10' title="bbox 300 1162 1396 1250; baseline 0.002 -24"><span class='ocrx_word' id='word_1_72' title='bbox 300 1165 344 1226; x_wconf 86' lang='lat' dir='ltr'>Et</span> <span class='ocrx_word' id='word_1_73' title='bbox 365 1163 508 1246; x_wconf 87' lang='lat' dir='ltr'>insignia</span> <span class='ocrx_word' id='word_1_74' title='bbox 531 1162 663 1244; x_wconf 92' lang='lat' dir='ltr'>quidem</span> <span class='ocrx_word' id='word_1_75' title='bbox 685 1164 720 1226; x_wconf 93' lang='lat' dir='ltr'>in</span> <span class='ocrx_word' id='word_1_76' title='bbox 744 1163 855 1227; x_wconf 90' lang='lat' dir='ltr'>codice</span> <span class='ocrx_word' id='word_1_77' title='bbox 879 1165 1023 1248; x_wconf 87' lang='lat' dir='ltr'>Spirensi</span> <span class='ocrx_word' id='word_1_78' title='bbox 1050 1165 1187 1250; x_wconf 81' lang='lat' dir='ltr'>paginas</span> <span class='ocrx_word' id='word_1_79' title='bbox 1209 1189 1312 1231; x_wconf 87' lang='lat' dir='ltr'>nouas</span> <span class='ocrx_word' id='word_1_80' title='bbox 1335 1168 1396 1229; x_wconf 91' lang='lat' dir='ltr'>in-</span> 
     </span>
     <span class='ocr_line' id='line_1_11' title="bbox 301 1248 1395 1333; baseline 0.003 -20"><span class='ocrx_word' id='word_1_81' title='bbox 301 1251 408 1333; x_wconf 92' lang='lat' dir='ltr'>cipere</span> <span class='ocrx_word' id='word_1_82' title='bbox 431 1248 630 1313; x_wconf 88' lang='lat' dir='ltr'>solebant-</span> <span class='ocrx_word' id='word_1_83' title='bbox 647 1249 789 1333; x_wconf 90' lang='lat' dir='ltr'>spatium</span> <span class='ocrx_word' id='word_1_84' title='bbox 805 1251 893 1314; x_wconf 90' lang='lat' dir='ltr'>enim</span> <span class='ocrx_word' id='word_1_85' title='bbox 908 1250 971 1312; x_wconf 91' lang='lat' dir='ltr'>alia</span> <span class='ocrx_word' id='word_1_86' title='bbox 986 1252 1110 1315; x_wconf 87' lang='lat' dir='ltr'>ratione</span> <span class='ocrx_word' id='word_1_87' title='bbox 1126 1273 1193 1314; x_wconf 93' lang='lat' dir='ltr'>non</span> <span class='ocrx_word' id='word_1_88' title='bbox 1209 1253 1395 1318; x_wconf 86' lang='lat' dir='ltr'>suffecisset</span> 
     </span>
     <span class='ocr_line' id='line_1_12' title="bbox 304 1336 1394 1421; baseline 0.006 -24"><span class='ocrx_word' id='word_1_89' title='bbox 304 1336 417 1398; x_wconf 87' lang='lat' dir='ltr'>-sed</span> <span class='ocrx_word' id='word_1_90' title='bbox 441 1345 632 1411; x_wconf 79' lang='lat' dir='ltr'>contextae,</span> <span class='ocrx_word' id='word_1_91' title='bbox 658 1337 683 1398; x_wconf 91' lang='lat' dir='ltr'>si</span> <span class='ocrx_word' id='word_1_92' title='bbox 706 1336 837 1398; x_wconf 91' lang='lat' dir='ltr'>breuior</span> <span class='ocrx_word' id='word_1_93' title='bbox 858 1345 941 1417; x_wconf 87' lang='lat' dir='ltr'>erat,</span> <span class='ocrx_word' id='word_1_94' title='bbox 969 1358 1035 1400; x_wconf 91' lang='lat' dir='ltr'>non</span> <span class='ocrx_word' id='word_1_95' title='bbox 1058 1359 1227 1421; x_wconf 90' lang='lat' dir='ltr'>nunquam</span> <span class='ocrx_word' id='word_1_96' title='bbox 1246 1341 1394 1403; x_wconf 85' lang='lat' dir='ltr'>subicie-</span> 
     </span>
     <span class='ocr_line' id='line_1_13' title="bbox 300 1420 1392 1509; baseline 0.002 -23"><span class='ocrx_word' id='word_1_97' title='bbox 300 1425 396 1486; x_wconf 85' lang='lat' dir='ltr'>batur</span> <span class='ocrx_word' id='word_1_98' title='bbox 417 1420 547 1485; x_wconf 88' lang='lat' dir='ltr'>tabulae</span> <span class='ocrx_word' id='word_1_99' title='bbox 570 1432 601 1484; x_wconf 91' lang='lat' dir='ltr'>et</span> <span class='ocrx_word' id='word_1_100' title='bbox 623 1421 682 1485; x_wconf 92' lang='lat' dir='ltr'>ubi</span> <span class='ocrx_word' id='word_1_101' title='bbox 704 1422 765 1484; x_wconf 92' lang='lat' dir='ltr'>hoc</span> <span class='ocrx_word' id='word_1_102' title='bbox 780 1422 901 1486; x_wconf 86' lang='lat' dir='ltr'>factum</span> <span class='ocrx_word' id='word_1_103' title='bbox 916 1443 983 1486; x_wconf 92' lang='lat' dir='ltr'>non</span> <span class='ocrx_word' id='word_1_104' title='bbox 999 1435 1066 1497; x_wconf 89' lang='lat' dir='ltr'>est,</span> <span class='ocrx_word' id='word_1_105' title='bbox 1092 1425 1137 1486; x_wconf 90' lang='lat' dir='ltr'>ita</span> <span class='ocrx_word' id='word_1_106' title='bbox 1153 1425 1291 1509; x_wconf 87' lang='lat' dir='ltr'>scriptus</span> <span class='ocrx_word' id='word_1_107' title='bbox 1307 1437 1392 1502; x_wconf 92' lang='lat' dir='ltr'>erat,</span> 
     </span>
     <span class='ocr_line' id='line_1_14' title="bbox 302 1507 1395 1597; baseline 0.002 -25"><span class='ocrx_word' id='word_1_108' title='bbox 302 1521 339 1572; x_wconf 89' lang='lat' dir='ltr'>ut</span> <span class='ocrx_word' id='word_1_109' title='bbox 369 1517 528 1572; x_wconf 83' lang='lat' dir='ltr'>commata</span> <span class='ocrx_word' id='word_1_110' title='bbox 542 1509 661 1592; x_wconf 91' lang='lat' dir='ltr'>prima:</span> <span class='ocrx_word' id='word_1_111' title='bbox 698 1507 753 1570; x_wconf 82' lang='lat' dir='ltr'>sub</span> <span class='ocrx_word' id='word_1_112' title='bbox 775 1508 977 1590; x_wconf 80' lang='lat' dir='ltr'>dispositione</span> <span class='ocrx_word' id='word_1_113' title='bbox 997 1517 1054 1572; x_wconf 82' lang='lat' dir='ltr'>etc.</span> <span class='ocrx_word' id='word_1_114' title='bbox 1081 1533 1138 1593; x_wconf 91' lang='lat' dir='ltr'>per</span> <span class='ocrx_word' id='word_1_115' title='bbox 1172 1521 1273 1574; x_wconf 89' lang='lat' dir='ltr'>totam</span> <span class='ocrx_word' id='word_1_116' title='bbox 1296 1514 1395 1597; x_wconf 78' lang='lat' dir='ltr'>pagi—</span> 
     </span>
     <span class='ocr_line' id='line_1_15' title="bbox 301 1595 1393 1679; baseline 0.002 -20"><span class='ocrx_word' id='word_1_117' title='bbox 301 1617 377 1659; x_wconf 89' lang='lat' dir='ltr'>nam</span> <span class='ocrx_word' id='word_1_118' title='bbox 401 1595 686 1669; x_wconf 86' lang='lat' dir='ltr'>continuarentur,</span> <span class='ocrx_word' id='word_1_119' title='bbox 721 1596 862 1678; x_wconf 90' lang='lat' dir='ltr'>spatium</span> <span class='ocrx_word' id='word_1_120' title='bbox 891 1605 999 1658; x_wconf 90' lang='lat' dir='ltr'>autem</span> <span class='ocrx_word' id='word_1_121' title='bbox 1023 1596 1182 1679; x_wconf 91' lang='lat' dir='ltr'>reliquum</span> <span class='ocrx_word' id='word_1_122' title='bbox 1205 1597 1238 1658; x_wconf 91' lang='lat' dir='ltr'>in</span> <span class='ocrx_word' id='word_1_123' title='bbox 1263 1608 1311 1662; x_wconf 87' lang='lat' dir='ltr'>tot</span> <span class='ocrx_word' id='word_1_124' title='bbox 1334 1621 1393 1661; x_wconf 91' lang='lat' dir='ltr'>co-</span> 
     </span>
     <span class='ocr_line' id='line_1_16' title="bbox 302 1678 1393 1767; baseline 0.004 -24"><span class='ocrx_word' id='word_1_125' title='bbox 302 1681 431 1745; x_wconf 88' lang='lat' dir='ltr'>lumnas</span> <span class='ocrx_word' id='word_1_126' title='bbox 461 1678 678 1757; x_wconf 92' lang='lat' dir='ltr'>diuideretur,</span> <span class='ocrx_word' id='word_1_127' title='bbox 710 1691 747 1742; x_wconf 89' lang='lat' dir='ltr'>ut</span> <span class='ocrx_word' id='word_1_128' title='bbox 774 1682 896 1744; x_wconf 88' lang='lat' dir='ltr'>maiora</span> <span class='ocrx_word' id='word_1_129' title='bbox 925 1682 1022 1744; x_wconf 87' lang='lat' dir='ltr'>etiam</span> <span class='ocrx_word' id='word_1_130' title='bbox 1052 1683 1158 1766; x_wconf 85' lang='lat' dir='ltr'>capita</span> <span class='ocrx_word' id='word_1_131' title='bbox 1180 1685 1300 1767; x_wconf 82' lang='lat' dir='ltr'>pagina</span> <span class='ocrx_word' id='word_1_132' title='bbox 1323 1707 1393 1747; x_wconf 90' lang='lat' dir='ltr'>una</span> 
     </span>
     <span class='ocr_line' id='line_1_17' title="bbox 301 1767 1393 1854; baseline 0.004 -25"><span class='ocrx_word' id='word_1_133' title='bbox 301 1767 494 1853; x_wconf 89' lang='lat' dir='ltr'>plerumque</span> <span class='ocrx_word' id='word_1_134' title='bbox 516 1776 656 1849; x_wconf 87' lang='lat' dir='ltr'>caperet.</span> <span class='ocrx_word' id='word_1_135' title='bbox 701 1768 746 1828; x_wconf 87' lang='lat' dir='ltr'>At</span> <span class='ocrx_word' id='word_1_136' title='bbox 768 1767 875 1850; x_wconf 89' lang='lat' dir='ltr'>capita</span> <span class='ocrx_word' id='word_1_137' title='bbox 897 1789 952 1843; x_wconf 92' lang='lat' dir='ltr'>ea,</span> <span class='ocrx_word' id='word_1_138' title='bbox 984 1768 1102 1850; x_wconf 90' lang='lat' dir='ltr'>quibus</span> <span class='ocrx_word' id='word_1_139' title='bbox 1131 1769 1275 1854; x_wconf 86' lang='lat' dir='ltr'>insignia</span> <span class='ocrx_word' id='word_1_140' title='bbox 1297 1770 1393 1833; x_wconf 85' lang='lat' dir='ltr'>nulla</span> 
     </span>
     <span class='ocr_line' id='line_1_18' title="bbox 303 1852 1393 1939; baseline 0.002 -21"><span class='ocrx_word' id='word_1_141' title='bbox 303 1853 453 1939; x_wconf 88' lang='lat' dir='ltr'>opposita</span> <span class='ocrx_word' id='word_1_142' title='bbox 482 1862 591 1928; x_wconf 92' lang='lat' dir='ltr'>erant,</span> <span class='ocrx_word' id='word_1_143' title='bbox 622 1853 667 1916; x_wconf 92' lang='lat' dir='ltr'>ita</span> <span class='ocrx_word' id='word_1_144' title='bbox 689 1852 958 1937; x_wconf 86' lang='lat' dir='ltr'>praecedentibus</span> <span class='ocrx_word' id='word_1_145' title='bbox 988 1856 1260 1930; x_wconf 84' lang='lat' dir='ltr'>adnectebantur,</span> <span class='ocrx_word' id='word_1_146' title='bbox 1290 1866 1327 1919; x_wconf 91' lang='lat' dir='ltr'>ut</span> <span class='ocrx_word' id='word_1_147' title='bbox 1354 1858 1393 1920; x_wconf 90' lang='lat' dir='ltr'>in</span> 
     </span>
     <span class='ocr_line' id='line_1_19' title="bbox 303 1938 1393 2022; baseline 0.001 -19"><span class='ocrx_word' id='word_1_148' title='bbox 303 1940 409 2003; x_wconf 89' lang='lat' dir='ltr'>media</span> <span class='ocrx_word' id='word_1_149' title='bbox 424 1938 575 2002; x_wconf 90' lang='lat' dir='ltr'>columna</span> <span class='ocrx_word' id='word_1_150' title='bbox 590 1938 783 2021; x_wconf 88' lang='lat' dir='ltr'>incipientes</span> <span class='ocrx_word' id='word_1_151' title='bbox 799 1951 923 2022; x_wconf 89' lang='lat' dir='ltr'>partem</span> <span class='ocrx_word' id='word_1_152' title='bbox 938 1939 1069 2003; x_wconf 92' lang='lat' dir='ltr'>illorum</span> <span class='ocrx_word' id='word_1_153' title='bbox 1092 1941 1219 2005; x_wconf 88' lang='lat' dir='ltr'>efficere</span> <span class='ocrx_word' id='word_1_154' title='bbox 1237 1942 1393 2005; x_wconf 90' lang='lat' dir='ltr'>uideren-</span> 
     </span>
     <span class='ocr_line' id='line_1_20' title="bbox 302 2024 1394 2111; baseline 0.004 -23"><span class='ocrx_word' id='word_1_155' title='bbox 302 2038 364 2088; x_wconf 90' lang='lat' dir='ltr'>tur.</span> <span class='ocrx_word' id='word_1_156' title='bbox 391 2026 484 2092; x_wconf 85' lang='lat' dir='ltr'>Quae</span> <span class='ocrx_word' id='word_1_157' title='bbox 500 2024 607 2088; x_wconf 91' lang='lat' dir='ltr'>0mnia</span> <span class='ocrx_word' id='word_1_158' title='bbox 619 2046 695 2088; x_wconf 90' lang='lat' dir='ltr'>cum</span> <span class='ocrx_word' id='word_1_159' title='bbox 706 2025 741 2086; x_wconf 91' lang='lat' dir='ltr'>in</span> <span class='ocrx_word' id='word_1_160' title='bbox 754 2026 919 2089; x_wconf 90' lang='lat' dir='ltr'>codicibus</span> <span class='ocrx_word' id='word_1_161' title='bbox 931 2026 1120 2089; x_wconf 88' lang='lat' dir='ltr'>Monacensi</span> <span class='ocrx_word' id='word_1_162' title='bbox 1132 2049 1262 2110; x_wconf 91' lang='lat' dir='ltr'>quoque</span> <span class='ocrx_word' id='word_1_163' title='bbox 1279 2027 1338 2111; x_wconf 78' lang='lat' dir='ltr'>(M)</span> <span class='ocrx_word' id='word_1_164' title='bbox 1357 2041 1394 2092; x_wconf 89' lang='lat' dir='ltr'>et</span> 
     </span>
    </p>
   </div>
   <div class='ocr_carea' id='block_1_3' title="bbox 303 2110 1488 2195">
    <p class='ocr_par' dir='ltr' id='par_1_3' title="bbox 303 2110 1488 2195">
     <span class='ocr_line' id='line_1_21' title="bbox 303 2110 1488 2195; baseline 0.001 -20"><span class='ocrx_word' id='word_1_165' title='bbox 303 2112 525 2177; x_wconf 84' lang='lat' dir='ltr'>Canoniciano</span> <span class='ocrx_word' id='word_1_166' title='bbox 546 2111 594 2195; x_wconf 77' lang='lat'>(0)</span> <span class='ocrx_word' id='word_1_167' title='bbox 615 2110 720 2174; x_wconf 89' lang='lat' dir='ltr'>adhuc</span> <span class='ocrx_word' id='word_1_168' title='bbox 736 2111 901 2175; x_wconf 89' lang='lat' dir='ltr'>obseruari</span> <span class='ocrx_word' id='word_1_169' title='bbox 916 2112 1044 2193; x_wconf 88' lang='lat' dir='ltr'>possint</span> <span class='ocrx_word' id='word_1_170' title='bbox 1059 2135 1164 2195; x_wconf 91' lang='lat' dir='ltr'>neque</span> <span class='ocrx_word' id='word_1_171' title='bbox 1180 2114 1221 2176; x_wconf 88' lang='lat' dir='ltr'>ad</span> <span class='ocrx_word' id='word_1_172' title='bbox 1243 2135 1312 2176; x_wconf 91' lang='lat' dir='ltr'>rem</span> <span class='ocrx_word' id='word_1_173' title='bbox 1327 2115 1394 2176; x_wconf 92' lang='lat' dir='ltr'>cri·</span> <span class='ocrx_word' id='word_1_174' title='bbox 1487 2167 1488 2194; x_wconf 67' lang='lat'>,</span> 
     </span>
    </p>
   </div>
   <div class='ocr_carea' id='block_1_4' title="bbox 303 2197 1393 3060">
    <p class='ocr_par' dir='ltr' id='par_1_4' title="bbox 303 2197 1365 2283">
     <span class='ocr_line' id='line_1_22' title="bbox 303 2197 1365 2283; baseline 0 -21"><span class='ocrx_word' id='word_1_175' title='bbox 303 2199 400 2262; x_wconf 90' lang='lat' dir='ltr'>ticam</span> <span class='ocrx_word' id='word_1_176' title='bbox 415 2197 526 2282; x_wconf 86' lang='lat' dir='ltr'>magni</span> <span class='ocrx_word' id='word_1_177' title='bbox 542 2197 698 2261; x_wconf 88' lang='lat' dir='ltr'>momenti</span> <span class='ocrx_word' id='word_1_178' title='bbox 714 2198 795 2270; x_wconf 91' lang='lat' dir='ltr'>sint,</span> <span class='ocrx_word' id='word_1_179' title='bbox 813 2197 906 2277; x_wconf 87' lang='lat' dir='ltr'>plura</span> <span class='ocrx_word' id='word_1_180' title='bbox 919 2198 959 2260; x_wconf 94' lang='lat' dir='ltr'>de</span> <span class='ocrx_word' id='word_1_181' title='bbox 975 2199 1021 2262; x_wconf 92' lang='lat' dir='ltr'>eis</span> <span class='ocrx_word' id='word_1_182' title='bbox 1037 2199 1142 2262; x_wconf 89' lang='lat' dir='ltr'>dicere</span> <span class='ocrx_word' id='word_1_183' title='bbox 1159 2201 1365 2283; x_wconf 83' lang='lat' dir='ltr'>supersedeo.</span> 
     </span>
    </p>

    <p class='ocr_par' dir='ltr' id='par_1_5' title="bbox 304 2283 1393 3060">
     <span class='ocr_line' id='line_1_23' title="bbox 390 2283 1393 2370; baseline 0.004 -24"><span class='ocrx_word' id='word_1_184' title='bbox 390 2286 440 2348; x_wconf 89' lang='lat' dir='ltr'>De</span> <span class='ocrx_word' id='word_1_185' title='bbox 467 2283 586 2346; x_wconf 89' lang='lat' dir='ltr'>libellis</span> <span class='ocrx_word' id='word_1_186' title='bbox 620 2283 770 2366; x_wconf 90' lang='lat' dir='ltr'>reliquis,</span> <span class='ocrx_word' id='word_1_187' title='bbox 806 2285 863 2368; x_wconf 93' lang='lat' dir='ltr'>qui</span> <span class='ocrx_word' id='word_1_188' title='bbox 894 2284 930 2346; x_wconf 94' lang='lat' dir='ltr'>in</span> <span class='ocrx_word' id='word_1_189' title='bbox 960 2284 1078 2348; x_wconf 89' lang='lat' dir='ltr'>codicis</span> <span class='ocrx_word' id='word_1_190' title='bbox 1113 2286 1276 2370; x_wconf 87' lang='lat' dir='ltr'>Spirensis</span> <span class='ocrx_word' id='word_1_191' title='bbox 1310 2307 1393 2369; x_wconf 90' lang='lat' dir='ltr'>apo-</span> 
     </span>
     <span class='ocr_line' id='line_1_24' title="bbox 304 2370 1391 2456; baseline 0 -22"><span class='ocrx_word' id='word_1_192' title='bbox 304 2372 433 2456; x_wconf 88' lang='lat' dir='ltr'>graphis</span> <span class='ocrx_word' id='word_1_193' title='bbox 457 2371 681 2453; x_wconf 86' lang='lat' dir='ltr'>reperiuntur,</span> <span class='ocrx_word' id='word_1_194' title='bbox 707 2370 796 2432; x_wconf 90' lang='lat' dir='ltr'>hand</span> <span class='ocrx_word' id='word_1_195' title='bbox 816 2371 920 2433; x_wconf 85' lang='lat' dir='ltr'>multa</span> <span class='ocrx_word' id='word_1_196' title='bbox 942 2370 1079 2434; x_wconf 87' lang='lat' dir='ltr'>dicenda</span> <span class='ocrx_word' id='word_1_197' title='bbox 1103 2382 1193 2444; x_wconf 86' lang='lat' dir='ltr'>sunt,</span> <span class='ocrx_word' id='word_1_198' title='bbox 1221 2393 1296 2435; x_wconf 87' lang='lat' dir='ltr'>curn</span> <span class='ocrx_word' id='word_1_199' title='bbox 1319 2393 1391 2436; x_wconf 91' lang='lat' dir='ltr'>orn-</span> 
     </span>
     <span class='ocr_line' id='line_1_25' title="bbox 304 2457 1392 2542; baseline 0.002 -22"><span class='ocrx_word' id='word_1_200' title='bbox 304 2459 358 2520; x_wconf 86' lang='lat' dir='ltr'>nia</span> <span class='ocrx_word' id='word_1_201' title='bbox 387 2457 452 2521; x_wconf 87' lang='lat' dir='ltr'>fere</span> <span class='ocrx_word' id='word_1_202' title='bbox 482 2477 564 2539; x_wconf 89' lang='lat' dir='ltr'>quae</span> <span class='ocrx_word' id='word_1_203' title='bbox 595 2467 710 2520; x_wconf 89' lang='lat' dir='ltr'>notatu</span> <span class='ocrx_word' id='word_1_204' title='bbox 740 2457 840 2540; x_wconf 81' lang='lat' dir='ltr'>digna</span> <span class='ocrx_word' id='word_1_205' title='bbox 868 2457 1038 2532; x_wconf 90' lang='lat' dir='ltr'>uidentur,</span> <span class='ocrx_word' id='word_1_206' title='bbox 1073 2479 1113 2520; x_wconf 89' lang='lat' dir='ltr'>ex</span> <span class='ocrx_word' id='word_1_207' title='bbox 1141 2470 1298 2542; x_wconf 87' lang='lat' dir='ltr'>apparatu</span> <span class='ocrx_word' id='word_1_208' title='bbox 1326 2460 1392 2522; x_wconf 92' lang='lat' dir='ltr'>cri-</span> 
     </span>
     <span class='ocr_line' id='line_1_26' title="bbox 305 2542 1389 2626; baseline 0.002 -19"><span class='ocrx_word' id='word_1_209' title='bbox 305 2545 368 2608; x_wconf 90' lang='lat' dir='ltr'>tico</span> <span class='ocrx_word' id='word_1_210' title='bbox 390 2543 486 2606; x_wconf 87' lang='lat' dir='ltr'>facile</span> <span class='ocrx_word' id='word_1_211' title='bbox 516 2542 670 2607; x_wconf 91' lang='lat' dir='ltr'>concludi</span> <span class='ocrx_word' id='word_1_212' title='bbox 696 2543 835 2626; x_wconf 86' lang='lat' dir='ltr'>possint.</span> <span class='ocrx_word' id='word_1_213' title='bbox 888 2542 973 2606; x_wconf 86' lang='lat' dir='ltr'>Nam</span> <span class='ocrx_word' id='word_1_214' title='bbox 1003 2555 1072 2608; x_wconf 92' lang='lat' dir='ltr'>not.</span> <span class='ocrx_word' id='word_1_215' title='bbox 1103 2545 1175 2607; x_wconf 91' lang='lat' dir='ltr'>urb.</span> <span class='ocrx_word' id='word_1_216' title='bbox 1201 2545 1389 2622; x_wconf 74' lang='lat' dir='ltr'>Constant,</span> 
     </span>
     <span class='ocr_line' id='line_1_27' title="bbox 305 2629 1392 2714; baseline 0.002 -22"><span class='ocrx_word' id='word_1_217' title='bbox 305 2652 401 2713; x_wconf 86' lang='lat' dir='ltr'>qnam</span> <span class='ocrx_word' id='word_1_218' title='bbox 424 2640 550 2714; x_wconf 90' lang='lat' dir='ltr'>praeter</span> <span class='ocrx_word' id='word_1_219' title='bbox 571 2629 758 2713; x_wconf 87' lang='lat' dir='ltr'>Spirensem</span> <span class='ocrx_word' id='word_1_220' title='bbox 778 2629 862 2692; x_wconf 92' lang='lat' dir='ltr'>liber</span> <span class='ocrx_word' id='word_1_221' title='bbox 885 2629 1130 2712; x_wconf 86' lang='lat' dir='ltr'>antiquissimus</span> <span class='ocrx_word' id='word_1_222' title='bbox 1153 2631 1392 2694; x_wconf 88' lang='lat' dir='ltr'>Uindobonen-</span> 
     </span>
     <span class='ocr_line' id='line_1_28' title="bbox 305 2715 1390 2801; baseline 0 -19"><span class='ocrx_word' id='word_1_223' title='bbox 305 2719 349 2782; x_wconf 91' lang='lat' dir='ltr'>sis</span> <span class='ocrx_word' id='word_1_224' title='bbox 378 2716 529 2779; x_wconf 89' lang='lat' dir='ltr'>omnibus</span> <span class='ocrx_word' id='word_1_225' title='bbox 552 2716 629 2779; x_wconf 85' lang='lat' dir='ltr'>satis</span> <span class='ocrx_word' id='word_1_226' title='bbox 652 2725 768 2792; x_wconf 88' lang='lat' dir='ltr'>notus,</span> <span class='ocrx_word' id='word_1_227' title='bbox 800 2715 857 2798; x_wconf 92' lang='lat' dir='ltr'>qui</span> <span class='ocrx_word' id='word_1_228' title='bbox 886 2715 1117 2801; x_wconf 85' lang='lat' dir='ltr'>topographiae</span> <span class='ocrx_word' id='word_1_229' title='bbox 1146 2717 1235 2779; x_wconf 88' lang='lat' dir='ltr'>urbis</span> <span class='ocrx_word' id='word_1_230' title='bbox 1264 2717 1390 2782; x_wconf 87' lang='lat' dir='ltr'>Romae</span> 
     </span>
     <span class='ocr_line' id='line_1_29' title="bbox 305 2801 1390 2886; baseline 0 -20"><span class='ocrx_word' id='word_1_231' title='bbox 305 2824 433 2886; x_wconf 90' lang='lat' dir='ltr'>operam</span> <span class='ocrx_word' id='word_1_232' title='bbox 463 2804 638 2874; x_wconf 91' lang='lat' dir='ltr'>dederunt,</span> <span class='ocrx_word' id='word_1_233' title='bbox 671 2801 766 2865; x_wconf 91' lang='lat' dir='ltr'>nobis</span> <span class='ocrx_word' id='word_1_234' title='bbox 796 2801 955 2878; x_wconf 87' lang='lat' dir='ltr'>seruauit,</span> <span class='ocrx_word' id='word_1_235' title='bbox 987 2801 1033 2866; x_wconf 89' lang='lat' dir='ltr'>ita</span> <span class='ocrx_word' id='word_1_236' title='bbox 1061 2803 1095 2865; x_wconf 92' lang='lat' dir='ltr'>in</span> <span class='ocrx_word' id='word_1_237' title='bbox 1119 2813 1257 2885; x_wconf 88' lang='lat' dir='ltr'>utroque</span> <span class='ocrx_word' id='word_1_238' title='bbox 1280 2805 1390 2867; x_wconf 88' lang='lat' dir='ltr'>codice</span> 
     </span>
     <span class='ocr_line' id='line_1_30' title="bbox 305 2887 1391 2973; baseline 0.001 -22"><span class='ocrx_word' id='word_1_239' title='bbox 305 2890 441 2973; x_wconf 82' lang='lat' dir='ltr'>legitur,</span> <span class='ocrx_word' id='word_1_240' title='bbox 472 2899 510 2950; x_wconf 88' lang='lat' dir='ltr'>ut</span> <span class='ocrx_word' id='word_1_241' title='bbox 533 2888 719 2970; x_wconf 90' lang='lat' dir='ltr'>Spirensem</span> <span class='ocrx_word' id='word_1_242' title='bbox 742 2887 990 2972; x_wconf 84' lang='lat' dir='ltr'>diligentissime</span> <span class='ocrx_word' id='word_1_243' title='bbox 1020 2889 1219 2973; x_wconf 82' lang='lat' dir='ltr'>descriptum</span> <span class='ocrx_word' id='word_1_244' title='bbox 1241 2911 1310 2953; x_wconf 87' lang='lat' dir='ltr'>esse</span> <span class='ocrx_word' id='word_1_245' title='bbox 1333 2891 1391 2954; x_wconf 89' lang='lat' dir='ltr'>sed</span> 
     </span>
     <span class='ocr_line' id='line_1_31' title="bbox 305 2974 1389 3060; baseline 0 -22"><span class='ocrx_word' id='word_1_246' title='bbox 305 2975 359 3038; x_wconf 94' lang='lat' dir='ltr'>hic</span> <span class='ocrx_word' id='word_1_247' title='bbox 391 2974 459 3039; x_wconf 91' lang='lat' dir='ltr'>illic</span> <span class='ocrx_word' id='word_1_248' title='bbox 492 2974 724 3058; x_wconf 90' lang='lat' dir='ltr'>interpolatum</span> <span class='ocrx_word' id='word_1_249' title='bbox 766 2974 909 3050; x_wconf 88' lang='lat' dir='ltr'>iudices,</span> <span class='ocrx_word' id='word_1_250' title='bbox 949 2975 1237 3039; x_wconf 88' lang='lat' dir='ltr'>Uindobonensem</span> <span class='ocrx_word' id='word_1_251' title='bbox 1270 2997 1389 3060; x_wconf 88' lang='lat' dir='ltr'>purum</span> 
     </span>
    </p>
   </div>
   <div class='ocr_carea' id='block_1_5' title="bbox 305 3060 1392 3146">
    <p class='ocr_par' dir='ltr' id='par_1_6' title="bbox 305 3049 1487 3162">
     <span class='ocr_line' id='line_1_32' title="bbox 305 3060 1392 3146; baseline 0.001 -22"><span class='ocrx_word' id='word_1_252' title='bbox 305 3063 435 3146; x_wconf 87' lang='lat' dir='ltr'>quidem</span> <span class='ocrx_word' id='word_1_253' title='bbox 459 3062 515 3126; x_wconf 90' lang='lat' dir='ltr'>sed</span> <span class='ocrx_word' id='word_1_254' title='bbox 537 3060 756 3145; x_wconf 80' lang='lat' dir='ltr'>negligentius</span> <span class='ocrx_word' id='word_1_255' title='bbox 780 3070 963 3136; x_wconf 81' lang='lat' dir='ltr'>exaratum,</span> <span class='ocrx_word' id='word_1_256' title='bbox 1000 3071 1172 3144; x_wconf 79' lang='lat' dir='ltr'>utrumque</span> <span class='ocrx_word' id='word_1_257' title='bbox 1195 3070 1302 3126; x_wconf 84' lang='lat' dir='ltr'>autem</span> <span class='ocrx_word' id='word_1_258' title='bbox 1325 3071 1392 3126; x_wconf 86' lang='lat' dir='ltr'>tam</span> 
     </span>
    </p>
   </div>
   <div class='ocr_carea' id='block_1_6' title="bbox 304 3147 1390 4007">
    <p class='ocr_par' dir='ltr' id='par_1_7' title="bbox 304 3147 1390 4007">
     <span class='ocr_line' id='line_1_33' title="bbox 304 3147 1389 3232; baseline 0 -20"><span class='ocrx_word' id='word_1_259' title='bbox 304 3170 405 3232; x_wconf 91' lang='lat' dir='ltr'>prope</span> <span class='ocrx_word' id='word_1_260' title='bbox 432 3148 473 3210; x_wconf 90' lang='lat' dir='ltr'>ad</span> <span class='ocrx_word' id='word_1_261' title='bbox 501 3147 644 3210; x_wconf 84' lang='lat' dir='ltr'>codicem</span> <span class='ocrx_word' id='word_1_262' title='bbox 672 3147 882 3232; x_wconf 87' lang='lat' dir='ltr'>archetypum</span> <span class='ocrx_word' id='word_1_263' title='bbox 911 3150 1078 3224; x_wconf 87' lang='lat' dir='ltr'>accedere,</span> <span class='ocrx_word' id='word_1_264' title='bbox 1116 3158 1153 3210; x_wconf 89' lang='lat' dir='ltr'>ut</span> <span class='ocrx_word' id='word_1_265' title='bbox 1179 3147 1267 3211; x_wconf 88' lang='lat' dir='ltr'>haud</span> <span class='ocrx_word' id='word_1_266' title='bbox 1296 3147 1389 3226; x_wconf 90' lang='lat' dir='ltr'>scias,</span> 
     </span>
     <span class='ocr_line' id='line_1_34' title="bbox 307 3233 1386 3318; baseline 0.002 -22"><span class='ocrx_word' id='word_1_267' title='bbox 307 3236 360 3296; x_wconf 90' lang='lat' dir='ltr'>cui</span> <span class='ocrx_word' id='word_1_268' title='bbox 389 3233 463 3318; x_wconf 87' lang='lat' dir='ltr'>plns</span> <span class='ocrx_word' id='word_1_269' title='bbox 486 3233 620 3297; x_wconf 90' lang='lat' dir='ltr'>tribuas.</span> <span class='ocrx_word' id='word_1_270' title='bbox 668 3236 711 3296; x_wconf 80' lang='lat' dir='ltr'>At</span> <span class='ocrx_word' id='word_1_271' title='bbox 732 3233 907 3297; x_wconf 89' lang='lat' dir='ltr'>laterculus</span> <span class='ocrx_word' id='word_1_272' title='bbox 931 3234 1002 3298; x_wconf 92' lang='lat' dir='ltr'>Pol.</span> <span class='ocrx_word' id='word_1_273' title='bbox 1033 3233 1128 3297; x_wconf 87' lang='lat' dir='ltr'>Siluii</span> <span class='ocrx_word' id='word_1_274' title='bbox 1151 3245 1184 3298; x_wconf 88' lang='lat' dir='ltr'>et</span> <span class='ocrx_word' id='word_1_275' title='bbox 1205 3246 1274 3298; x_wconf 88' lang='lat' dir='ltr'>not.</span> <span class='ocrx_word' id='word_1_276' title='bbox 1298 3234 1386 3298; x_wconf 88' lang='lat' dir='ltr'>Gall.</span> 
     </span>
     <span class='ocr_line' id='line_1_35' title="bbox 304 3318 1390 3404; baseline 0.001 -21"><span class='ocrx_word' id='word_1_277' title='bbox 304 3321 471 3384; x_wconf 86' lang='lat' dir='ltr'>codicibus</span> <span class='ocrx_word' id='word_1_278' title='bbox 494 3318 787 3382; x_wconf 85' lang='lat' dir='ltr'>innumerabilibus</span> <span class='ocrx_word' id='word_1_279' title='bbox 811 3330 843 3383; x_wconf 88' lang='lat' dir='ltr'>et</span> <span class='ocrx_word' id='word_1_280' title='bbox 865 3319 975 3384; x_wconf 87' lang='lat' dir='ltr'>multis</span> <span class='ocrx_word' id='word_1_281' title='bbox 999 3321 1128 3404; x_wconf 90' lang='lat' dir='ltr'>quidem</span> <span class='ocrx_word' id='word_1_282' title='bbox 1162 3319 1390 3384; x_wconf 88' lang='lat' dir='ltr'>uetustissimis</span> 
     </span>
     <span class='ocr_line' id='line_1_36' title="bbox 305 3404 1389 3492; baseline 0.002 -23"><span class='ocrx_word' id='word_1_283' title='bbox 305 3407 419 3471; x_wconf 91' lang='lat' dir='ltr'>inserti</span> <span class='ocrx_word' id='word_1_284' title='bbox 442 3416 534 3483; x_wconf 90' lang='lat' dir='ltr'>sunt,</span> <span class='ocrx_word' id='word_1_285' title='bbox 560 3406 617 3469; x_wconf 90' lang='lat' dir='ltr'>sed</span> <span class='ocrx_word' id='word_1_286' title='bbox 638 3406 673 3468; x_wconf 93' lang='lat' dir='ltr'>in</span> <span class='ocrx_word' id='word_1_287' title='bbox 690 3404 799 3469; x_wconf 91' lang='lat' dir='ltr'>codice</span> <span class='ocrx_word' id='word_1_288' title='bbox 816 3406 961 3491; x_wconf 87' lang='lat' dir='ltr'>Spirensi</span> <span class='ocrx_word' id='word_1_289' title='bbox 980 3407 1076 3492; x_wconf 88' lang='lat' dir='ltr'>plane</span> <span class='ocrx_word' id='word_1_290' title='bbox 1093 3406 1250 3489; x_wconf 86' lang='lat' dir='ltr'>singulari</span> <span class='ocrx_word' id='word_1_291' title='bbox 1265 3407 1389 3471; x_wconf 88' lang='lat' dir='ltr'>ratione</span> 
     </span>
     <span class='ocr_line' id='line_1_37' title="bbox 305 3491 1390 3578; baseline 0.001 -21"><span class='ocrx_word' id='word_1_292' title='bbox 305 3495 488 3557; x_wconf 88' lang='lat' dir='ltr'>traduntur.</span> <span class='ocrx_word' id='word_1_293' title='bbox 543 3491 733 3556; x_wconf 88' lang='lat' dir='ltr'>Laterculus</span> <span class='ocrx_word' id='word_1_294' title='bbox 767 3493 855 3556; x_wconf 92' lang='lat' dir='ltr'>enim</span> <span class='ocrx_word' id='word_1_295' title='bbox 877 3492 972 3557; x_wconf 90' lang='lat' dir='ltr'>ualde</span> <span class='ocrx_word' id='word_1_296' title='bbox 1000 3493 1213 3578; x_wconf 89' lang='lat' dir='ltr'>interpolatus</span> <span class='ocrx_word' id='word_1_297' title='bbox 1236 3505 1300 3570; x_wconf 90' lang='lat' dir='ltr'>est,</span> <span class='ocrx_word' id='word_1_298' title='bbox 1333 3495 1390 3558; x_wconf 90' lang='lat' dir='ltr'>sed</span> 
     </span>
     <span class='ocr_line' id='line_1_38' title="bbox 306 3578 1389 3665; baseline -0.001 -21"><span class='ocrx_word' id='word_1_299' title='bbox 306 3591 451 3665; x_wconf 92' lang='lat' dir='ltr'>tempore</span> <span class='ocrx_word' id='word_1_300' title='bbox 474 3591 540 3642; x_wconf 88' lang='lat' dir='ltr'>tam</span> <span class='ocrx_word' id='word_1_301' title='bbox 560 3589 694 3655; x_wconf 91' lang='lat' dir='ltr'>remot0,</span> <span class='ocrx_word' id='word_1_302' title='bbox 720 3590 757 3642; x_wconf 86' lang='lat' dir='ltr'>ut</span> <span class='ocrx_word' id='word_1_303' title='bbox 771 3579 1037 3663; x_wconf 85' lang='lat' dir='ltr'>interpolationes</span> <span class='ocrx_word' id='word_1_304' title='bbox 1054 3580 1184 3644; x_wconf 84' lang='lat' dir='ltr'>eaedem</span> <span class='ocrx_word' id='word_1_305' title='bbox 1208 3578 1271 3642; x_wconf 86' lang='lat' dir='ltr'>iam</span> <span class='ocrx_word' id='word_1_306' title='bbox 1287 3580 1389 3643; x_wconf 85' lang='lat' dir='ltr'>Paulo</span> 
     </span>
     <span class='ocr_line' id='line_1_39' title="bbox 306 3665 1389 3747; baseline 0 -17"><span class='ocrx_word' id='word_1_307' title='bbox 306 3669 454 3730; x_wconf 87' lang='lat' dir='ltr'>Diacono</span> <span class='ocrx_word' id='word_1_308' title='bbox 477 3675 573 3729; x_wconf 88' lang='lat' dir='ltr'>notae</span> <span class='ocrx_word' id='word_1_309' title='bbox 595 3665 767 3747; x_wconf 78' lang='lat' dir='ltr'>suerint¹],</span> <span class='ocrx_word' id='word_1_310' title='bbox 793 3666 927 3729; x_wconf 89' lang='lat' dir='ltr'>notitiae</span> <span class='ocrx_word' id='word_1_311' title='bbox 949 3676 1055 3729; x_wconf 84' lang='lat' dir='ltr'>autem</span> <span class='ocrx_word' id='word_1_312' title='bbox 1076 3667 1258 3730; x_wconf 87' lang='lat' dir='ltr'>Galliarum</span> <span class='ocrx_word' id='word_1_313' title='bbox 1280 3687 1389 3730; x_wconf 81' lang='lat' dir='ltr'>exem—</span> 
     </span>
     <span class='ocr_line' id='line_1_40' title="bbox 306 3751 1388 3837; baseline 0.003 -24"><span class='ocrx_word' id='word_1_314' title='bbox 306 3753 376 3837; x_wconf 88' lang='lat' dir='ltr'>plar</span> <span class='ocrx_word' id='word_1_315' title='bbox 398 3752 528 3815; x_wconf 90' lang='lat' dir='ltr'>nullum</span> <span class='ocrx_word' id='word_1_316' title='bbox 550 3763 615 3815; x_wconf 89' lang='lat' dir='ltr'>tam</span> <span class='ocrx_word' id='word_1_317' title='bbox 637 3751 739 3815; x_wconf 91' lang='lat' dir='ltr'>fidum</span> <span class='ocrx_word' id='word_1_318' title='bbox 762 3752 927 3836; x_wconf 88' lang='lat' dir='ltr'>archetypi</span> <span class='ocrx_word' id='word_1_319' title='bbox 946 3752 1123 3836; x_wconf 87' lang='lat' dir='ltr'>imaginem</span> <span class='ocrx_word' id='word_1_320' title='bbox 1146 3753 1269 3828; x_wconf 87' lang='lat' dir='ltr'>reddit,</span> <span class='ocrx_word' id='word_1_321' title='bbox 1294 3773 1388 3834; x_wconf 89' lang='lat' dir='ltr'>quam</span> 
     </span>
     <span class='ocr_line' id='line_1_41' title="bbox 308 3837 1389 3923; baseline -0.001 -20"><span class='ocrx_word' id='word_1_322' title='bbox 308 3839 471 3923; x_wconf 88' lang='lat' dir='ltr'>Spirensis</span> <span class='ocrx_word' id='word_1_323' title='bbox 494 3837 576 3902; x_wconf 90' lang='lat' dir='ltr'>liber</span> <span class='ocrx_word' id='word_1_324' title='bbox 597 3837 753 3900; x_wconf 85' lang='lat' dir='ltr'>litteraC</span> <span class='ocrx_word' id='word_1_325' title='bbox 782 3838 816 3900; x_wconf 92' lang='lat' dir='ltr'>in</span> <span class='ocrx_word' id='word_1_326' title='bbox 847 3838 988 3902; x_wconf 89' lang='lat' dir='ltr'>editione</span> <span class='ocrx_word' id='word_1_327' title='bbox 1017 3847 1126 3902; x_wconf 90' lang='lat' dir='ltr'>nostra</span> <span class='ocrx_word' id='word_1_328' title='bbox 1152 3848 1293 3902; x_wconf 86' lang='lat' dir='ltr'>notatus.</span> <span class='ocrx_word' id='word_1_329' title='bbox 1340 3839 1389 3903; x_wconf 91' lang='lat' dir='ltr'>De</span> 
     </span>
     <span class='ocr_line' id='line_1_42' title="bbox 308 3923 1388 4007; baseline 0.001 -18"><span class='ocrx_word' id='word_1_330' title='bbox 308 3935 475 3989; x_wconf 85' lang='lat' dir='ltr'>stemmate</span> <span class='ocrx_word' id='word_1_331' title='bbox 505 3924 671 4001; x_wconf 91' lang='lat' dir='ltr'>codicum,</span> <span class='ocrx_word' id='word_1_332' title='bbox 708 3924 795 4006; x_wconf 89' lang='lat' dir='ltr'>quod</span> <span class='ocrx_word' id='word_1_333' title='bbox 827 3923 963 3987; x_wconf 88' lang='lat' dir='ltr'>editioni</span> <span class='ocrx_word' id='word_1_334' title='bbox 992 3925 1255 4007; x_wconf 86' lang='lat' dir='ltr'>praeposuimus,</span> <span class='ocrx_word' id='word_1_335' title='bbox 1285 3924 1388 3990; x_wconf 87' lang='lat' dir='ltr'>fusius</span> 
     </span>
    </p>
   </div>
   <div class='ocr_carea' id='block_1_7' title="bbox 307 4010 1486 4102">
    <p class='ocr_par' dir='ltr' id='par_1_8' title="bbox 307 4010 1486 4102">
     <span class='ocr_line' id='line_1_43' title="bbox 307 4010 1486 4102; baseline -0.002 -26"><span class='ocrx_word' id='word_1_336' title='bbox 307 4012 540 4095; x_wconf 90' lang='lat' dir='ltr'>disputandum</span> <span class='ocrx_word' id='word_1_337' title='bbox 571 4032 639 4073; x_wconf 91' lang='lat' dir='ltr'>esse</span> <span class='ocrx_word' id='word_1_338' title='bbox 667 4031 734 4072; x_wconf 91' lang='lat' dir='ltr'>non</span> <span class='ocrx_word' id='word_1_339' title='bbox 757 4010 855 4085; x_wconf 87' lang='lat' dir='ltr'>duxi;</span> <span class='ocrx_word' id='word_1_340' title='bbox 886 4031 993 4092; x_wconf 89' lang='lat' dir='ltr'>neque</span> <span class='ocrx_word' id='word_1_341' title='bbox 1024 4011 1111 4074; x_wconf 90' lang='lat' dir='ltr'>enim</span> <span class='ocrx_word' id='word_1_342' title='bbox 1140 4032 1190 4073; x_wconf 89' lang='lat' dir='ltr'>res</span> <span class='ocrx_word' id='word_1_343' title='bbox 1214 4020 1261 4074; x_wconf 90' lang='lat' dir='ltr'>tot</span> <span class='ocrx_word' id='word_1_344' title='bbox 1282 4012 1387 4074; x_wconf 91' lang='lat' dir='ltr'>uerbis</span> <span class='ocrx_word' id='word_1_345' title='bbox 1485 4095 1486 4102; x_wconf 8' lang='grc' dir='ltr'>ἵ</span> 
     </span>
    </p>
   </div>
   <div class='ocr_carea' id='block_1_8' title="bbox 380 4127 1486 4198">
    <p class='ocr_par' dir='ltr' id='par_1_9' title="bbox 380 4127 1486 4198">
     <span class='ocr_line' id='line_1_44' title="bbox 380 4127 1486 4198; baseline 0.003 -15"><span class='ocrx_word' id='word_1_346' title='bbox 380 4133 401 4196; x_wconf 86' lang='grc'>1)</span> <span class='ocrx_word' id='word_1_347' title='bbox 430 4149 457 4184; x_wconf 90' lang='grc' dir='ltr'>ιι.</span> <span class='ocrx_word' id='word_1_348' title='bbox 478 4129 646 4195; x_wconf 86' lang='lat' dir='ltr'>Mommsen,</span> <span class='ocrx_word' id='word_1_349' title='bbox 671 4128 831 4183; x_wconf 87' lang='lat' dir='ltr'>Laterculus</span> <span class='ocrx_word' id='word_1_350' title='bbox 848 4127 963 4182; x_wconf 88' lang='lat' dir='ltr'>Polemii</span> <span class='ocrx_word' id='word_1_351' title='bbox 983 4127 1077 4194; x_wconf 86' lang='lat' dir='ltr'>Siluii,</span> <span class='ocrx_word' id='word_1_352' title='bbox 1103 4128 1253 4182; x_wconf 84' lang='lat' dir='ltr'>Abhandlu</span> <span class='ocrx_word' id='word_1_353' title='bbox 1307 4148 1327 4184; x_wconf 92' lang='lat' dir='ltr'>n</span> <span class='ocrx_word' id='word_1_354' title='bbox 1343 4130 1389 4186; x_wconf 91' lang='lat' dir='ltr'>der</span> <span class='ocrx_word' id='word_1_355' title='bbox 1485 4131 1486 4198; x_wconf 77' lang='lat' dir='ltr'>l</span> 
     </span>
    </p>
   </div>
   <div class='ocr_carea' id='block_1_9' title="bbox 309 4197 1309 4267">
    <p class='ocr_par' dir='ltr' id='par_1_10' title="bbox 309 4197 1309 4267">
     <span class='ocr_line' id='line_1_45' title="bbox 309 4197 1309 4267; baseline -0.002 -12"><span class='ocrx_word' id='word_1_356' title='bbox 309 4200 397 4255; x_wconf 77' lang='lat' dir='ltr'>stchs.</span> <span class='ocrx_word' id='word_1_357' title='bbox 418 4198 566 4256; x_wconf 85' lang='lat' dir='ltr'>Gesellsch.</span> <span class='ocrx_word' id='word_1_358' title='bbox 587 4198 634 4254; x_wconf 90' lang='lat' dir='ltr'>der</span> <span class='ocrx_word' id='word_1_359' title='bbox 652 4198 819 4253; x_wconf 87' lang='lat' dir='ltr'>Wissensch.</span> <span class='ocrx_word' id='word_1_360' title='bbox 840 4197 994 4253; x_wconf 86' lang='lat' dir='ltr'>Phil-hist.</span> <span class='ocrx_word' id='word_1_361' title='bbox 1015 4197 1057 4252; x_wconf 82' lang='lat' dir='ltr'>Ol.</span> <span class='ocrx_word' id='word_1_362' title='bbox 1080 4199 1142 4251; x_wconf 80' lang='lat'>1857</span> <span class='ocrx_word' id='word_1_363' title='bbox 1163 4214 1190 4267; x_wconf 92' lang='lat' dir='ltr'>p.</span> <span class='ocrx_word' id='word_1_364' title='bbox 1210 4200 1258 4250; x_wconf 80' lang='lat'>231</span> <span class='ocrx_word' id='word_1_365' title='bbox 1303 4239 1309 4253; x_wconf 91' lang='lat'>.</span> 
     </span>
    </p>
   </div>
   <div class='ocr_carea' id='block_1_10' title="bbox 0 0 1505 4882">
    <p class='ocr_par' dir='ltr' id='par_1_11' title="bbox 0 0 1505 4882">
     <span class='ocr_line' id='line_1_46' title="bbox 0 0 1505 4882; baseline 0 0"><span class='ocrx_word' id='word_1_366' title='bbox 0 0 1505 4882; x_wconf 95' lang='lat' dir='ltr'> </span> 
     </span>
    </p>
   </div>
  </div>
 </body>
</html>
