2988 4882
327 307 440 350 XXVIII
789 308 982 351 PRAEFATIO.

328 477 445 540 addere
475 476 590 553 liceat,
622 476 817 560 exemplaria
855 477 1056 561 singularum
1086 477 1300 554 familiarum,
1335 499 1425 559 quae

328 585 387 625 nos
418 562 644 638 adhibuimus,
679 585 777 646 prope
808 565 919 626 omnia
948 563 1085 627 saeculis
1114 586 1201 626 nono
1230 574 1263 627 et
1292 564 1425 626 decimo

329 648 448 731 scripta
470 670 558 724 esse,
583 649 689 712 itaut
711 672 729 711 a
751 649 977 732 probabilitate
999 651 1134 713 minime
1157 649 1338 726 abhorreat,
1364 672 1424 712 ar-

328 735 483 818 chetypos
517 757 627 799 earum
660 734 715 797 uel
748 737 946 817 antiquiores
983 736 1083 800 fuisso
1121 736 1233 800 codice
1268 737 1423 800 Sirmon-

326 820 434 885 diano,

415 908 455 968 ln
477 906 569 970 libris
593 905 657 983 eis,
682 929 820 988 quorum
843 917 1014 970 contextus
1037 909 1168 972 testium
1183 906 1328 990 plurium
1349 909 1422 971 fide

328 994 508 1068 nitebatur,
542 992 682 1056 familiae
711 995 868 1076 cuiusque
898 992 1077 1075 specimina
1098 995 1177 1058 bina
1200 994 1277 1058 satis
1301 1016 1420 1078 super-

328 1102 390 1161 que
413 1078 628 1154 uidebantur,
653 1078 688 1140 in
711 1079 838 1143 Notitia
860 1079 1209 1160 llignitatumautem,
1241 1101 1324 1164 quae
1348 1091 1420 1144 tota
1482 1099 1483 1152 t

329 1187 369 1227 ex
391 1187 457 1228 uno
480 1165 570 1228 fonte
593 1165 772 1229 haurienda
794 1175 877 1241 erat,
909 1167 1094 1250 apographa
1124 1166 1193 1229 eius
1223 1167 1333 1230 omnia
1355 1168 1419 1230 ad-

327 1252 432 1313 hibui.
487 1251 685 1314 Auctoritati
714 1252 836 1315 codicis
866 1251 964 1314 unius
996 1275 1035 1315 ex
1063 1253 1109 1315 eis
1139 1252 1196 1335 qui
1227 1255 1421 1336 superstites

228 1404 237 1418 ,
328 1347 453 1413 essent,
479 1347 583 1400 totum
599 1358 650 1398 me
666 1337 813 1401 addicere
830 1338 922 1402 nolui
936 1359 1041 1421 neque
1062 1338 1172 1420 potui;
1197 1360 1310 1402 omnes
1326 1341 1419 1403 enim

328 1434 394 1488 tam
417 1423 589 1505 diligenter
612 1423 766 1507 descripti
789 1435 883 1500 sunt,
908 1434 946 1488 ut
967 1425 1158 1508 plerumque
1174 1426 1270 1490 etiam
1293 1427 1328 1488 in
1351 1426 1420 1488 mi·

326 1511 425 1572 nimis
447 1511 544 1573 rebus
567 1510 772 1593 conspirent,
797 1522 829 1573 et
844 1511 902 1573 ubi
917 1510 1123 1587 dissentiunt,
1146 1533 1323 1574 consensus
1339 1535 1417 1595 par-

327 1597 369 1659 tis
391 1595 538 1670 maioris,
574 1596 608 1658 id
631 1598 717 1678 quod
740 1619 810 1660 raro
840 1597 918 1659 alias
948 1597 1075 1673 euenit,
1111 1598 1179 1662 fere
1208 1617 1266 1680 pro
1296 1599 1417 1662 tradita

326 1682 466 1745 lectione
488 1682 639 1745 habenda
668 1693 726 1745 est.
774 1684 905 1746 Uariam
932 1682 1106 1746 lectionem
1135 1684 1295 1766 integram
1324 1685 1414 1760 dedi,

326 1769 390 1830 nisi
413 1769 500 1850 quod
515 1769 669 1831 minutias
683 1789 770 1832 mere
786 1769 1050 1852 orthographicas
1067 1769 1248 1853 suppressi,
1274 1779 1307 1832 et
1319 1770 1417 1853 plura

328 1855 463 1917 fortasse
487 1855 719 1937 supprimenda
742 1866 852 1932 erant,
877 1877 960 1939 quae
983 1856 1085 1919 editor
1100 1878 1216 1939 parum
1232 1855 1338 1920 adhuc
1353 1879 1416 1920 ex-

326 1951 456 2024 pertus,
481 1941 630 2022 quamuis
652 1941 783 2006 inutilia
805 1963 873 2005 esse
895 1942 1150 2025 perspexissem,
1174 1941 1272 2006 nimis
1294 1944 1416 2022 anxius

325 2027 361 2089 in
384 2036 574 2109 apparatum
597 2027 744 2090 criticum
766 2027 884 2111 recepi.
911 2028 950 2089 In
973 2028 1162 2092 nominibus
1178 2029 1308 2092 urbium
1323 2029 1416 2092 loro-

326 2134 398 2174 rum
422 2113 616 2196 populorum
637 2114 862 2189 barbarorum,
896 2114 1038 2196 exceptis
1061 2114 1239 2179 notissimis
1261 2125 1299 2178 ut
1321 2139 1350 2178 e.
1375 2141 1412 2200 g.
1482 2105 1483 2152 l

326 2200 505 2280 Rauenna,
536 2202 688 2281 Astures,
722 2200 806 2262 nihil
827 2201 1017 2275 immutaui,
1051 2201 1107 2263 sed
1131 2222 1213 2283 quae
1242 2202 1278 2264 in
1301 2203 1413 2264 codice

328 2286 473 2368 Spirensi
503 2286 622 2369 scripta
650 2286 751 2348 fuisse
774 2308 965 2369 persuasum
986 2287 1163 2363 habebam,
1200 2309 1237 2350 ea
1265 2289 1301 2350 in
1331 2309 1414 2350 con-

327 2381 417 2434 textu
440 2371 588 2456 religiose
612 2372 785 2456 proposui,
811 2373 961 2436 omnibus
978 2394 1060 2456 quae
1082 2375 1124 2436 ad
1139 2373 1342 2438 emendanda
1357 2375 1412 2438 uel

327 2458 520 2541 explicanda
535 2459 668 2520 nomina
682 2459 843 2535 facerent,
868 2459 903 2521 in
918 2460 1141 2522 adnotationes
1157 2459 1295 2524 reiectis.
1322 2461 1413 2524 Con·
1482 2459 1483 2530 l

326 2543 484 2621 lecturas,
518 2567 599 2626 quae
629 2567 678 2608 res
707 2545 795 2628 ipsas
823 2555 1025 2628 spectarent,
1055 2555 1112 2608 aut
1141 2546 1168 2609 si
1192 2557 1296 2610 certae
1319 2557 1413 2610 erant
1482 2541 1483 2612 l

326 2641 383 2692 aut
403 2631 433 2693 si
454 2641 647 2713 conspectus
663 2631 822 2714 generalis
843 2633 989 2695 locorum
1011 2633 1046 2694 in
1060 2631 1247 2696 huiusmodi
1264 2632 1412 2717 catalogo
1482 2625 1483 2660 ³

327 2715 461 2779 minime
490 2719 747 2780 contemnendus
777 2718 839 2782 hac
871 2741 905 2783 re
942 2717 1125 2798 iuuaretur,
1156 2720 1190 2782 iu
1221 2729 1410 2782 contextum
1482 2785 1483 2792 ,

326 2803 451 2887 recepi;
474 2802 632 2886 reliquas,
658 2804 721 2866 nisi
750 2825 833 2888 quae
861 2803 986 2868 nullam
1008 2805 1270 2888 probabilitatem
1291 2805 1412 2869 habere
1482 2799 1483 2816 i

327 2889 533 2966 uiderentur,
571 2890 726 2974 proposui
753 2891 789 2953 in
818 2890 1094 2954 adnotationibus.
1148 2891 1272 2954 Omnes
1301 2901 1411 2956 autern
1482 2909 1483 2916 ’

327 2975 442 3039 lateris
466 2976 632 3040 aerinas
656 2977 814 3061 distingui
835 2977 935 3052 iussi,
959 2977 1006 3040 aa
1027 2987 1065 3039 ut
1087 2977 1208 3059 ubique
1223 2977 1327 3059 primo
1352 2979 1413 3042 aa-

328 3071 401 3124 tutu
424 3072 593 3145 appareat,
620 3085 702 3144 quae
725 3064 841 3127 tradita
863 3063 947 3138 sint,
974 3084 1056 3144 quac
1079 3085 1119 3126 ex
1143 3064 1328 3126 coniectura
1351 3087 1412 3146 po·
1482 3061 1483 3104 t

327 3147 399 3212 sita.
446 3149 604 3228 Ingrebus
628 3149 901 3234 orthographicis,
934 3150 995 3213 etsi
1021 3159 1108 3212 recta
1137 3149 1299 3214 scribendi
1329 3152 1412 3215 ratio
1482 3161 1483 3240 l

325 3234 390 3297 iam
414 3257 450 3296 eo
474 3244 635 3318 tempore,
668 3257 731 3318 quo
761 3235 886 3299 Notitia
910 3233 1114 3318 llignitatum
1142 3236 1319 3318 composita
1349 3251 1411 3312 est,
1482 3247 1483 3284 l

325 3343 392 3384 non
416 3341 543 3403 semper
564 3323 733 3386 obseruata
749 3322 810 3398 sit,
835 3343 886 3384 me
905 3330 1015 3386 tamen
1037 3322 1135 3384 nimis
1151 3322 1247 3386 anxie
1262 3322 1412 3387 codicum

326 3407 507 3471 auctoritati
528 3408 693 3472 addictum
716 3408 835 3485 fuisse,
867 3430 956 3470 nunc
985 3408 1116 3491 quidem
1144 3408 1321 3492 perspicio,
1355 3411 1412 3472 sed

327 3494 408 3558 libro
438 3494 504 3557 iam
533 3495 656 3558 dudum
686 3495 842 3578 impresso
870 3493 955 3558 nihil
983 3496 1148 3558 immutari
1174 3503 1293 3578 potest.
1353 3496 1412 3558 In-

328 3581 434 3665 signia
457 3602 496 3642 ex
519 3602 557 3644 ea
580 3581 699 3644 codicis
721 3581 929 3644 Monacensis
945 3591 1052 3664 parte,
1078 3601 1175 3665 quam
1191 3580 1413 3648 fidelissimam
1482 3635 1483 3648 ,

326 3667 491 3750 archetypi
506 3667 683 3750 imaginem
698 3668 830 3730 reddere
847 3689 943 3752 supra
965 3667 1005 3751 (p.
1021 3669 1100 3749 VII)
1119 3666 1282 3742 indicaui,
1300 3667 1413 3734 charta

327 3754 470 3818 dilucida
492 3753 621 3837 paginis
643 3753 796 3837 imposita
818 3753 990 3836 diligenter
1012 3754 1121 3818 efficta
1146 3765 1223 3818 sunt
1245 3763 1278 3816 et
1300 3767 1413 3836 postea

326 3863 365 3905 co
386 3842 621 3915 instrumento,
646 3841 732 3922 quod
754 3841 897 3904 ciconiae
920 3851 1060 3903 rostrum
1081 3841 1293 3923 appellamus
1320 3840 1412 3924 ligno

327 3927 513 4009 inscriptae.
568 3927 652 3989 Cum
675 3936 782 3991 autem
806 3925 974 4001 miniator,
1003 3927 1060 4009 qui
1081 3925 1171 3989 illam
1195 3925 1313 3989 codicis
1336 3948 1412 4008 par-

328 4025 393 4077 tem
415 4012 570 4088 confecit,
595 4013 631 4075 in
652 4013 827 4097 pingendis
850 4013 946 4074 rebus
968 4011 1103 4074 minutis
1127 4023 1159 4075 et
1182 4032 1292 4076 curam
1311 4015 1414 4077 oraio-

328 4123 396 4164 rem
429 4099 668 4181 requirentibus
702 4121 767 4162 non
802 4119 970 4180 nunquam
1007 4096 1227 4182 negligentius
1265 4109 1414 4163 uersatus

329 4197 432 4264 esset,
468 4183 585 4250 melius
617 4207 669 4249 me
700 4186 855 4249 lectorum
891 4184 1061 4248 commodo
1090 4183 1315 4248 consulturum
1345 4207 1414 4250 esse
