2988 4882
346 316 368 358 X
789 320 987 364 PRAEFATIO.

348 499 458 575 utpote
489 490 545 572 qui
574 487 696 552 Dieuili
726 489 845 553 librum
873 512 901 554 a.
931 496 990 553 825
1023 491 1207 556 absolutum
1237 493 1454 557 contineret.

349 578 423 645 Qua
455 598 488 639 re
522 575 619 639 etiam
652 575 713 638 hoe
743 578 896 640 doeemur
925 577 1052 641 libellos
1081 577 1155 642 illos
1184 579 1454 657 diuersissima

350 662 463 748 quiin
487 661 596 724 codiee
620 661 764 746 Spirensi
788 663 953 740 extabant,
980 675 1036 728 aut
1058 673 1129 728 tum
1151 666 1282 730 demum
1305 668 1340 730 in
1370 689 1457 731 eor-

348 771 410 835 pus
438 771 540 812 unum
568 749 714 812 redactos
744 771 832 827 esse,
863 772 938 813 cum
967 751 1036 834 ipse
1066 752 1348 831 conscribebatur,
1387 763 1455 818 aut

347 859 413 899 non
436 836 482 899 ita
504 835 605 898 multo
629 846 714 900 aute.
762 836 876 920 Itaque
900 837 1039 920 singula,
1064 839 1185 923 quippe
1202 861 1284 922 quae
1300 861 1341 904 ex
1358 841 1454 904 fon-

349 924 436 987 tibus
464 921 600 986 diuersis
630 923 850 998 manauerint,
883 922 980 1006 plane
1009 925 1138 988 diuersa
1166 925 1292 988 ratione
1315 929 1453 990 tradita

348 1031 417 1074 esse
445 1018 595 1092 possunt,
626 1008 660 1070 id
683 1009 768 1091 quod
791 1031 825 1072 re
848 1031 925 1073 uera
946 1011 1068 1074 factum
1092 1021 1150 1074 est.
1196 1011 1299 1077 Erant
1320 1023 1450 1078 autern

348 1096 456 1160 omnia
478 1095 573 1158 haec:

438 1189 465 1245 1.
490 1182 638 1245 Picturae
661 1201 736 1258 eae,
761 1202 840 1264 quas
862 1181 1059 1266 Bbekingius
1087 1183 1257 1266 inprimis
1281 1185 1450 1250 editionis
1488 1157 1489 1252 l

349 1291 426 1334 suae
448 1267 534 1330 foliis
558 1266 785 1332 describendas
807 1268 943 1333 curauit.

435 1360 463 1416 2.
490 1353 650 1418 Aethione

437 1448 464 1504 3.
490 1439 695 1504 Itinerarinm
723 1441 880 1504 Antonini
887 1437 914 1521 ,’
935 1442 1026 1505 euius
1056 1463 1171 1507 uersus
1200 1443 1296 1529 primi
1327 1467 1446 1530 usque
1488 1503 1489 1520 ,

348 1529 388 1592 ad
411 1529 510 1591 uerba
532 1526 706 1590 »rationem
729 1529 813 1610 qnod
833 1528 1023 1592 macarias«
1053 1541 1110 1593 aut
1139 1529 1348 1594 rubricatoris
1374 1555 1446 1596 ne-
1488 1555 1489 1640 p

348 1613 512 1698 glegentia
534 1613 645 1677 omissi
668 1623 760 1677 erant
782 1625 838 1678 aut
861 1615 989 1679 saeculo
1008 1615 1073 1677 XV
1096 1615 1142 1679 ita
1164 1627 1378 1694 euanuerant,
1404 1628 1446 1682 ut
1488 1649 1489 1688 r

347 1702 414 1787 legi
435 1701 500 1764 iam
522 1721 589 1762 non
610 1710 743 1783 possent
753 1703 789 1778 ¹).

436 1795 466 1849 4.
492 1791 617 1870 Septem
639 1792 756 1851 montes
781 1786 869 1850 ardis
891 1789 1021 1852 Romae.
1488 1839 1489 1846 .

436 1881 465 1935 5.
492 1873 646 1956 Dicam).

435 1969 465 2023 6.
491 1958 616 2024 Notitia
642 1957 832 2023 Galliarum.

436 2055 463 2109 7.
495 2045 679 2110 Laterentas
701 2045 839 2108 Polemii
858 2045 964 2110 Silaii.
1488 2059 1489 2134 t

436 2139 465 2195 8.
493 2135 544 2197 De
566 2130 735 2208 mentitas,
759 2131 861 2214 portes
883 2141 913 2195 et
935 2131 996 2196 aiis
1018 2134 1105 2197 arbes
1127 2137 1258 2198 Romae.

435 2229 464 2283 9.
493 2221 544 2283 De
559 2216 650 2281 retas
660 2217 793 2300 pellicia.
837 2218 1017 2303 Impressus
1033 2222 1131 2283 estin
1148 2220 1346 2284 editionibus
1362 2221 1440 2283 No-

348 2309 437 2372 titiae
452 2306 660 2389 Dignitatum
676 2304 779 2368 Basil.
799 2308 904 2380 1552,·
919 2306 1024 2390 Lapd.
1045 2309 1130 2370 1668
1146 2307 1281 2389 append.
1294 2327 1322 2389 p
1348 2311 1440 2380 201,·
1488 2301 1489 2340 ³

351 2399 469 2460 Genea.
489 2395 575 2456 1623
596 2391 731 2476 append.
753 2413 788 2473 p.
814 2395 877 2467 25,·
899 2393 1011 2456 Paris.
1033 2396 1115 2455 1661
1139 2414 1175 2475 p.
1202 2396 1276 2455 164.

416 2488 464 2542 10.
492 2477 677 2562 Disputatio
705 2477 872 2542 Hadriani
898 2478 1039 2561 Aapasti
1066 2487 1097 2542 et
1124 2477 1267 2561 Epicteti
1286 2479 1440 2561 pbiloso-
1488 2473 1489 2514 t

342 2568 423 2652 pta·
445 2567 602 2649 impressa
623 2564 656 2627 in
673 2565 751 2628 Not.
771 2564 869 2650 Dipn.
895 2567 944 2628 ecl.
963 2565 1068 2629 Basil.
1095 2567 1198 2642 1552‚·
1219 2565 1327 2630 Paris.
1347 2569 1436 2629 1651
1488 2561 1489 2602 t

341 2677 367 2738 p
415 2747 464 2802 11.
490 2736 615 2802 Notitia
636 2736 723 2800 ardis
743 2739 866 2801 Itomae
887 2759 960 2800 eum
982 2737 1194 2821 inscriptione
1216 2737 1294 2802 hae:
1329 2737 1437 2801 »Urbe

347 2849 425 2912 qaae
447 2825 616 2909 aliqnando
639 2823 781 2887 desolata
802 2845 883 2886 nane
916 2823 1082 2887 olariosior
1110 2824 1175 2908 (sio)
1203 2822 1349 2906 piissimo
1373 2824 1437 2887 ini-
1488 2883 1489 2910 ἒ

340 2914 432 2998 perio
448 2918 655 2976 restaurata«
1123 2962 1128 2976 .
1488 2941 1489 3002 p

415 3005 463 3062 12.
491 2996 616 3062 Notitia
637 2995 724 3060 ardis
750 2996 1123 3079 Constantinopolitanae.
1488 3003 1489 3074 t

417 3093 465 3148 13.
494 3087 544 3148 De
564 3083 715 3169 praelibas
731 3083 971 3167 eopnationam;
993 3084 1168 3166 impressus
1190 3084 1225 3145 iu
1245 3087 1340 3165 Oorp.
1361 3086 1433 3146 Iar.

347 3173 493 3237 anteiast.
527 3172 576 3233 ed.
603 3169 758 3255 Boakinp.
785 3191 823 3252 p.
850 3173 935 3244 173,·
967 3169 1223 3253 Iarispradentia
1248 3170 1432 3233 antenntin.

347 3261 395 3322 ed.
421 3256 574 3322 Huschke
592 3279 628 3339 p.
653 3259 728 3319 386.

414 3353 463 3407 14.
488 3342 614 3406 Notitia
636 3342 848 3426 Dipnitatam.

433 3431 545 3494 Partes
569 3436 685 3493 9-14
718 3449 829 3492 omnes
852 3429 987 3512 picturis
1011 3439 1142 3491 ornatae
1170 3436 1274 3492 erant.
1488 3479 1489 3482 .

433 3515 600 3580 Librarius
622 3515 657 3578 in
674 3515 782 3580 codice
799 3513 944 3600 Spirensi
968 3515 1137 3578 scribendo
1157 3515 1235 3580 satis
1259 3515 1435 3598 diligenter
1488 3543 1489 3590 t

347 3612 495 3667 uersatus
519 3611 579 3678 est,
603 3623 679 3664 nam
702 3611 735 3664 et
756 3601 879 3666 litterae
902 3599 971 3665 eius
995 3611 1059 3664 tam
1081 3601 1197 3684 planae
1217 3610 1250 3665 et
1265 3623 1434 3685 expressae
1488 3617 1489 3678 t

348 3700 455 3764 erant,
487 3699 525 3752 ut
556 3689 585 3752 ei
616 3688 672 3772 qui
694 3698 806 3770 postea
828 3686 973 3750 codicem
989 3688 1244 3770 descripserunt,
1269 3688 1334 3752 nisi
1354 3688 1434 3752 loeis
1488 3697 1489 3756 l

348 3776 541 3861 quibusdam
564 3774 711 3838 euanidis
734 3784 767 3836 et
789 3775 872 3838 carie
887 3774 1044 3859 corruptis
1067 3774 1100 3837 in
1117 3773 1297 3838 litterarum
1319 3773 1432 3838 formis
1488 3789 1489 3806 ¹

347 3864 403 3927 uix
427 3883 569 3944 unquam
593 3860 734 3924 haesisse
757 3860 945 3939 uideantur,
982 3870 1015 3923 et
1037 3860 1251 3943 eornrptelas,
1287 3881 1370 3943 quae
1394 3883 1433 3924 ex
1488 3883 1489 3944 j

421 4037 443 4096 1)
465 4035 499 4088 In
517 4033 582 4088 edit.
610 4032 730 4102 Parthey
749 4041 776 4086 et
797 4031 901 4088 Pinder
924 4031 1057 4101 genuinas
1081 4030 1182 4084 codicis
1207 4030 1277 4101 Spir.
1304 4029 1433 4086 lectiones

349 4103 479 4158 exhibent
502 4103 598 4166 TUV;
623 4105 675 4163 OQ
692 4121 707 4155 e
725 4101 818 4155 codice
836 4099 889 4153 alio
908 4099 1022 4154 conecti
1040 4108 1113 4154 sunt.
1488 4133 1489 4136 =

420 4176 443 4238 2)
474 4175 500 4227 V
514 4172 543 4227 in
561 4171 626 4226 edit.
641 4169 773 4241 Parthey,
794 4172 821 4226 B
833 4168 863 4222 in
881 4168 946 4224 edit.
960 4171 1098 4224 Latronne
1111 4186 1125 4222 e
1137 4169 1196 4224 eod.
1213 4168 1336 4240 Spirensi
1349 4170 1434 4226 fluxe·
1488 4229 1489 4256 1

347 4251 421 4297 runt.
1488 4325 1489 4406 1
