2988 4882
504 331 699 376 PRAEFATIO.
1066 335 1162 380 XXVII

71 501 175 582 digna
197 499 391 575 uidebatur,
421 513 500 584 quot
526 503 605 566 hacc
634 502 811 586 disputatio
840 504 1039 586 requirebat,
1076 515 1108 568 et
1128 505 1164 568 in

70 586 186 649 libello
209 597 276 648 tarn
299 609 401 670 paruo
425 609 554 664 omnes,
581 611 717 672 quorum
740 590 892 666 interest,
923 590 1077 654 facillime
1099 592 1163 676 ipsi

71 673 217 736 rationes
241 674 474 755 cognationum
497 673 646 738 inuenire
667 687 814 758 possunt.

160 759 202 820 ln
234 757 377 822 editione
410 759 601 825 instruenda
628 783 687 844 pro
720 761 845 825 ratione
879 783 985 825 rerum
1020 763 1163 826 diuersas

71 846 146 908 uias
169 846 312 926 ingressi
334 867 463 920 sumus3
489 857 522 910 et
544 847 700 912 Notitiam
724 851 794 911 urb.
821 850 990 912 Constant.
1016 849 1160 932 quidem,

70 953 156 1012 quae
179 952 198 992 a
223 931 355 994 doctulo
378 932 487 1014 aliquo
510 933 584 995 stilo
607 955 704 1016 quam
734 937 874 998 maxime
897 935 1059 1000 elaborato
1082 956 1161 998 con-

71 1017 194 1100 scripta
218 1027 268 1079 est
284 1019 399 1080 eodem
413 1020 509 1082 modo
526 1020 753 1095 tractauimus,
779 1019 884 1102 quiin
901 1021 1035 1084 edendis
1052 1031 1164 1084 aucto-

71 1105 163 1166 ribus
186 1103 332 1186 antiquis
355 1104 477 1167 dudum
500 1115 646 1189 receptus
669 1119 734 1182 est,
760 1107 865 1169 sedin
882 1108 978 1170 meris
994 1107 1163 1169 nominum

73 1189 378 1252 enumerationibus
411 1189 607 1274 philologiae
637 1193 831 1255 emendandi
855 1193 935 1256 ratio
958 1203 1014 1256 aut
1035 1193 1165 1278 pericu-

71 1277 142 1338 losa
157 1275 274 1339 fuisset
288 1287 345 1339 aut
361 1276 534 1360 superflua.
559 1279 672 1362 ltaque
687 1279 877 1342 laterculum
890 1280 1110 1341 lleronensem
1124 1301 1164 1342 ex

73 1363 221 1425 editione
240 1362 532 1444 Mommseniana¹l
557 1364 768 1448 repetiuimus
789 1365 993 1428 librariorum
1012 1365 1101 1427 uitiis
1125 1388 1163 1428 eo
1260 1419 1266 1431 .

74 1469 180 1530 usque
210 1447 379 1524 correctis,
411 1457 448 1510 ut
484 1450 618 1513 nomina
655 1449 896 1532 prouinciarum
927 1452 1163 1533 quodammodo

73 1535 210 1618 agnosci
238 1545 388 1617 possent,
420 1534 649 1619 orthographia
678 1547 787 1600 autem
815 1537 934 1602 uitiosa
963 1547 995 1600 et
1023 1537 1160 1612 mendis,

74 1621 130 1702 qui
154 1643 233 1682 cum
254 1620 352 1703 plena
374 1621 566 1685 certitudine
595 1622 711 1704 corrigi
733 1623 922 1706 nequirent,
959 1623 1005 1686 ita
1027 1623 1075 1686 uti
1097 1633 1163 1686 tra-

75 1707 145 1772 dita
167 1717 263 1769 erant
285 1705 415 1769 relictis.
447 1707 488 1770 nt
509 1708 545 1770 in
567 1707 721 1771 laterculo
744 1709 880 1772 Polemii
904 1709 1000 1772 Siluii
1024 1721 1055 1773 et
1077 1711 1165 1773 noti-

75 1793 120 1854 tia
136 1792 320 1856 Galliarum
336 1792 419 1855 nihil
436 1793 569 1857 omnino
586 1795 799 1871 correximus,
824 1797 881 1858 sed
896 1817 978 1878 quae
994 1797 1028 1858 in
1052 1796 1163 1860 arche·

75 1891 153 1962 typo
168 1878 272 1941 luisse
289 1878 502 1956 uidebantur,
521 1902 618 1962 quam
634 1882 789 1944 fidissime
805 1881 1033 1964 expressimus,
1052 1883 1165 1946 lectio-

74 1965 174 2028 nibus
205 1965 357 2026 codicum
385 1965 480 2027 rectis
507 1967 639 2049 quidem
668 1968 722 2031 sed
753 1989 792 2030 ex
815 1968 1063 2051 interpolatione
1086 1968 1164 2031 ortis

75 2052 111 2112 iu
133 2063 325 2135 apparatum
350 2050 496 2113 criticum
518 2074 755 2136 nonnunquam
785 2054 923 2117 reiectis.
971 2056 1045 2122 Qua
1066 2056 1107 2117 de
1130 2075 1163 2116 re

75 2149 112 2199 ut
132 2137 294 2200 iudicium
316 2135 451 2221 plenum
476 2149 507 2201 et
529 2149 652 2201 certum
674 2139 756 2202 ferre
780 2141 908 2215 liceret,
944 2141 1162 2218 sufficiebant,

76 2225 164 2305 quod
185 2225 227 2286 ad
249 2221 443 2286 laterculum
465 2224 599 2301 attinet,
625 2227 750 2288 codices
767 2237 935 2309 quattuor,
962 2227 1077 2310 quibus
1099 2228 1164 2290 iam

75 2311 301 2372 Mommsenus
331 2330 410 2372 usus
440 2322 523 2387 erat;
549 2311 681 2394 reliquis
712 2333 806 2396 ergo,
843 2334 980 2395 qnorum
1015 2313 1164 2376 notitiam

78 2395 196 2472 habui,
222 2395 375 2458 omnibus
397 2396 573 2480 neglectis,
598 2397 632 2462 id
655 2398 760 2461 solnm
782 2400 817 2462 in
841 2409 999 2482 apparatu
1023 2401 1166 2462 Momm-

78 2483 212 2546 seniano
236 2482 500 2560 immutauimus,
531 2495 568 2546 ut
596 2504 654 2565 pro
678 2486 863 2568 apographo
886 2485 1006 2548 codicis
1030 2485 1165 2568 Spiren-

77 2567 120 2630 sis
143 2568 337 2632 secundario
360 2568 548 2650 primarium
564 2569 801 2634 adhiberemus.
848 2572 956 2652 Atque
972 2572 1013 2634 ed
1028 2571 1164 2635 notitiae

77 2677 204 2737 quoque
234 2653 418 2718 Galliarum
454 2655 664 2740 archetypum
697 2658 932 2720 restituendum
962 2657 1165 2722 suffecissent

4 2783 6 2790 ·
76 2742 202 2804 codices
225 2751 309 2816 tres,
333 2761 438 2803 unum
460 2741 536 2804 libri
552 2742 712 2826 Spirensis
736 2743 955 2827 apographum
976 2747 1024 2826 (0)
1045 2745 1164 2807 codex-

77 2849 138 2909 que
160 2849 249 2889 unus
272 2826 416 2890 familiae
438 2851 459 2890 a
481 2839 513 2890 et
535 2830 575 2904 d3
600 2830 656 2892 scd
680 2851 754 2891 cum
776 2830 1043 2911 interpolationes
1061 2830 1165 2894 libelli

76 2913 190 2989 huius,
222 2923 261 2975 ut
291 2933 373 2994 quae
402 2914 443 2976 ad
471 2913 604 2977 initium
627 2914 748 2978 saeculi
772 2916 878 2998 quinti
905 2916 1065 2992 redirent,
1097 2937 1164 2978 non

76 2999 197 3064 nullius
220 3000 377 3062 momenti
407 3011 533 3076 esseut,
564 3010 601 3064 ut
623 3002 663 3064 de
691 3001 742 3064 his
766 3013 927 3065 constaret
950 3013 981 3065 et
1003 3003 1164 3084 antiquis-

79 3088 176 3150 simae
198 3107 218 3148 a
241 3085 477 3148 recentioribus
499 3087 637 3151 discerni
654 3101 805 3171 possent,
830 3089 987 3171 cuiusque
1010 3088 1163 3165 familiae,

78 3194 172 3254 quam
196 3172 350 3254 equidem
372 3193 521 3250 nossem,
547 3173 682 3237 adhibui
698 3174 895 3259 exemplaria
914 3174 993 3238 bina
1010 3195 1058 3252 ea,
1084 3196 1166 3256 quo-

76 3281 144 3322 rum
175 3269 234 3324 aut
264 3257 454 3322 collationes
489 3259 627 3342 optimas
660 3271 788 3344 praesto
817 3261 970 3325 haberem
1000 3271 1054 3323 aut
1082 3282 1163 3343 quae

77 3367 114 3407 ex
135 3344 272 3408 familiis
295 3342 411 3408 alienis
441 3345 575 3408 minime
604 3357 747 3410 correcta
776 3347 976 3410 uiderentur.
1024 3348 1110 3411 Nam
1134 3358 1166 3410 et

77 3431 218 3507 codices,
246 3430 303 3513 qui
327 3452 367 3492 cx
389 3429 521 3495 familiis
544 3432 692 3516 pluribus
717 3434 850 3498 conflati
872 3443 982 3509 erant,
1015 3445 1047 3496 et
1069 3433 1164 3496 fami-

77 3517 152 3592 liae,
190 3517 246 3599 qui
271 3539 311 3580 ex
339 3517 498 3580 classibus
527 3518 693 3601 pluribus,
730 3519 834 3584 abieci
863 3541 993 3596 omnes,
1030 3531 1165 3603 excepto

78 3603 185 3666 codice
207 3605 255 3666 Α1
279 3604 390 3686 etqui
413 3605 453 3666 ad
476 3605 686 3688 explicandas
710 3605 808 3669 liuius
830 3607 985 3670 lectiones
1008 3606 1162 3683 facerent,

77 3690 243 3764 A²A³Bb3
274 3689 331 3752 ille
355 3690 460 3765 enim,
493 3712 567 3752 cum
591 3703 647 3755 aut
669 3693 739 3775 ipse
762 3703 818 3755 aut
847 3693 916 3756 eius
938 3693 1164 3756 simillimusa

78 3773 250 3838 Sirmondo
274 3775 399 3858 publrcr
421 3777 500 3839 luris
523 3776 627 3840 factus
651 3788 750 3858 esset,
785 3778 938 3860 uulgatae
959 3778 1062 3842 instar
1083 3789 1162 3854 erat,

77 3883 157 3943 quae
181 3883 256 3924 eum
281 3883 383 3944 usque
406 3863 446 3924 ad
471 3863 557 3925 hunc
580 3864 666 3927 diem
689 3865 877 3928 auctoritate
892 3865 1034 3928 maxima
1056 3874 1166 3928 utere-

77 3957 146 4023 tur,
179 3948 305 4033 negligi
334 3969 401 4010 non
425 3949 542 4030 potuit.
590 3950 634 4012 Et
655 3972 697 4013 ne
720 3950 793 4032 quis
816 3951 969 4027 miretur,
999 3973 1051 4014 me
1074 3952 1164 4014 eodi-

78 4055 145 4096 cem
170 4035 300 4097 saeculo
324 4035 462 4118 septimo
486 4046 651 4099 exaratum
682 4049 747 4099 tam
769 4037 863 4121 parui
886 4037 1072 4114 aestimare,
1103 4037 1165 4100 hoc

148 4156 170 4209 ll
192 4153 249 4206 Das
266 4152 587 4208 Provinzonvcrzeichnis
606 4173 668 4210 vom
686 4155 769 4209 Jahre
788 4159 851 4220 297,
873 4155 1012 4210 Abhandl.
1033 4156 1081 4209 der
1099 4155 1165 4209 Ber·

77 4219 146 4275 liner
166 4223 256 4276 Akad.
277 4223 326 4276 der
343 4221 514 4277 Wisrensch.
538 4223 603 4276 1862
621 4242 648 4295 p.
669 4225 722 4276 489
738 4224 766 4278 ff.
1129 4239 1132 4248 ’
