2988 4882
298 340 371 382 XXII
744 337 938 382 PRAEFATIO.

299 511 345 572 eis
352 517 363 585 ‚'
388 531 470 592 quae
492 508 527 570 in
544 507 729 571 Occidentis
745 507 860 570 notitia
875 518 1103 590 proponuntur
1122 507 1162 590 (V
1182 513 1228 585 15)
1249 507 1393 572 omnino

297 597 427 659 diuersa
456 604 549 670 sunt,
582 615 687 675 neque
717 593 828 656 felices
859 592 1045 656 Honoriani
1077 595 1116 677 (V
1139 595 1214 678 21),
1244 594 1393 658 uictores

303 683 344 765 (V
367 682 440 762 22),
476 678 586 742 felices
620 679 839 743 Theodosiani
878 680 934 761 (VI
956 679 1028 762 21),
1065 679 1176 744 felices
1210 677 1395 744 Arcadiani

304 768 452 851 (11122),
480 767 539 828 ubi
560 766 687 847 repetiti
710 778 786 829 sunt
814 766 879 848 (Or.
906 765 1024 840 V113;
1052 766 1112 829 On.
1138 767 1244 844 V373
1270 767 1328 830 Or.
1358 769 1395 830 V

302 861 362 930 253
387 854 456 915 VII
480 854 508 928 2)
536 862 674 914 utuntur
696 851 810 935 clipeis
833 849 1004 914 similibus.
1128 919 1130 923 ,

386 940 427 1002 In
449 937 633 1020 insignibus
661 938 806 1022 magistri
835 937 977 1000 militum
1003 959 1060 1020 per
1090 938 1258 1002 Orientem
1293 940 1389 1022 (VII)

299 1025 443 1109 exceptis
466 1023 579 1106 clipeis
602 1024 746 1086 felicium
770 1025 1026 1087 Arc-adianorum
1052 1035 1084 1086 et
1106 1025 1393 1104 Honorianorum,

300 1113 418 1195 quibus
440 1112 479 1174 de
501 1111 597 1173 modo
621 1111 743 1173 dictum
766 1122 832 1187 est,
858 1110 1029 1174 dubitandi
1045 1133 1156 1174 causas
1172 1133 1239 1173 non
1255 1111 1392 1189 iuueni,

299 1200 333 1261 in
356 1197 488 1279 reliquis
512 1197 677 1259 autemid
700 1197 831 1278 quidem
853 1197 982 1280 probari
1004 1206 1128 1279 potest,
1157 1196 1396 1279 inscriptiones

299 1305 467 1368 perperam
489 1283 611 1365 positas
635 1305 723 1358 esse,
748 1284 805 1346 sed
829 1284 988 1366 quomodo
1011 1294 1097 1346 recte
1119 1295 1296 1366 ponantur,
1320 1286 1397 1348 nisi

299 1371 334 1433 in
357 1380 447 1452 parte
477 1368 660 1431 tabularum
690 1369 788 1431 trium
811 1391 882 1452 cap.
908 1370 939 1431 V
967 1378 1034 1432 not.
1060 1369 1120 1432 00.
1151 1370 1291 1432 indicari
1318 1393 1395 1433 non

300 1465 415 1540 potest.
465 1455 554 1522 Quas
577 1454 624 1516 uti
647 1465 783 1537 potuero
814 1456 999 1519 emendatas
1022 1455 1085 1517 hoc
1111 1454 1183 1518 loeo
1209 1454 1395 1520 lectoribus

298 1564 477 1626 proponam
488 1541 523 1623 ¹).

255 1777 263 1796 ·
372 1765 393 1827 1)
415 1766 452 1834 cf.
474 1762 529 1816 Zur
546 1762 644 1818 Kritik
662 1763 711 1817 der
727 1763 763 1820 N.
785 1765 819 1818 D.
844 1781 870 1833 p.
892 1767 951 1816 233.
