2952 4890
175 383 178 388 ·
289 351 330 412 88
592 367 652 409 oa.
672 365 791 410 xxxrx.
825 366 895 408 nux
910 365 1082 408 sarrana.

292 546 330 600 34
491 536 677 600 Praefectus
705 536 793 620 ripae
814 534 953 618 legionis
976 535 1099 619 primae
1121 535 1233 599 Ioniae
1257 535 1388 599 cohor-

540 640 582 703 tis
606 639 739 721 quintae
762 639 936 724 pedaturae
957 638 1136 716 inferioris,
1161 638 1348 717 AccissoS).

244 813 249 830 Ι
293 752 331 807 35
489 741 676 806 Praefectus
703 743 791 827 ripae
813 742 952 826 legionis
981 743 1103 825 primae
1128 741 1240 805 Iouiae
1264 741 1388 806 cohor-

540 845 581 909 tis
608 894 729 908 .....
762 855 795 909 et
823 846 983 908 secundae
1004 845 1181 909 Herculiae
1205 845 1387 908 musculo-

538 967 609 1011 rum
629 949 853 1032 Scythieorum
868 958 901 1012 et
923 947 1081 1034 elasam),
1106 947 1384 1032 InplateypegiiS.

292 1062 331 1118 36
357 1053 558 1119 Officium
581 1061 713 1116 autem
735 1051 857 1115 habet
876 1052 951 1115 ita:

292 1164 330 1220 37
389 1133 393 1154 Ι
486 1154 672 1238 Principem
695 1155 734 1218 de
750 1155 863 1218 eodem
884 1155 1010 1232 officio,
1035 1156 1091 1239 qui
1114 1153 1275 1238 completa
1288 1154 1389 1218 mili-

582 1259 627 1322 tia
648 1259 759 1322 adorat
780 1269 952 1344 protector.

293 1371 330 1428 38
366 1415 374 1434 .
487 1362 697 1426 Numerarios
722 1372 754 1425 et
775 1363 937 1427 adiutores
958 1383 1080 1425 eorum.

293 1474 330 1529 39
488 1465 830 1528 commentariensem.

293 1577 332 1632 40
488 1568 690 1631 Adiutorem.
791 1571 795 1580 '

293 1681 329 1735 41
487 1672 516 1734 A
539 1669 657 1734 libeliis
680 1671 749 1733 siue
772 1669 1096 1734 subscribendarium.

293 1783 332 1838 42
487 1774 684 1858 Exceptores
706 1783 739 1837 et
761 1783 881 1837 ceteros
904 1773 1068 1838 officiales.
1471 1771 1472 1774 ’

292 1885 332 1940 43
356 1879 448 1941 Dux
470 1877 669 1963 Scythiae
691 1879 731 1941 V.

362 2102 385 2166 8)
407 2099 487 2155 serni.
502 2098 628 2168 Aegisso.
665 2102 690 2164 9)
705 2106 733 2155 et
750 2098 844 2154 classis
861 2100 1044 2155 musculorum
1057 2099 1245 2171 Scythicorum
1258 2101 1390 2154 Moram-

292 2205 346 2240 sca.

362 2360 396 2410 34
413 2358 489 2412 ioute
506 2356 604 2412 cohors
624 2358 670 2424 ΡΙΙ
682 2360 714 2409 35
734 2358 939 2430 niplateypegiis
957 2358 1193 2430 inplateipegiis
1208 2359 1299 2423 Puer
1316 2377 1391 2430 pro-

293 2451 423 2500 tectorem
449 2444 567 2499 CPVM.
