2940 4880
425 1213 792 1295 LATERCULUS
829 1210 1065 1296 POLEMII
1105 1215 1274 1298 SILUII

808 1419 899 1492 siue

605 1610 1098 1692 SCHONHOUIANUS.

350 1905 383 1965 P
482 1899 977 1971 Brnnellensis10615—10729¹
1062 1921 1086 1961 s.
1118 1902 1202 1964 XII.
1319 1949 1322 1956 .

349 2007 384 2069 F
480 2002 680 2068 Monacensis
701 2007 789 2066 6243
810 2003 858 2085 (ol.
878 2003 963 2067 Fris.
983 2006 1035 2087 43)
1062 2026 1088 2066 s.
1122 2006 1221 2068 VIII.

349 2110 387 2171 S¹
487 2109 586 2170 Onon.
609 2110 728 2170 Conon.
747 2107 804 2170 lot.
826 2106 912 2170 rnisc.
932 2111 997 2170 378
1065 2129 1093 2170 s.
1122 2109 1204 2170 XV.

349 2213 391 2274 S²
485 2209 686 2274 Monacensis
708 2206 838 2273 10291'
1064 2233 1089 2274 s.
1120 2213 1222 2274 XVI.

350 2317 378 2378 S
482 2313 643 2395 Spirensis
657 2322 747 2376 netns
762 2313 828 2376 sine
843 2335 1011 2376 consensus
1026 2314 1166 2377 codicum
1188 2317 1227 2378 S¹
1244 2323 1274 2378 ei
1288 2317 1333 2378 8².
1448 2312 1449 2324 ¹

351 2416 633 2500 Interpoiotiones‚
662 2440 741 2501 qnae
761 2416 877 2480 codicis
891 2417 1053 2500 Spirensis
1063 2418 1218 2501 propriae
1233 2426 1314 2494 sont,
1336 2415 1387 2478 li!—
1449 2414 1450 2420 ’

440 2520 514 2583 teris
536 2520 694 2584 inelinotc's
720 2522 753 2584 in
774 2529 952 2584 contentum
973 2521 1087 2604 recepi.
1134 2522 1230 2585 Unois
1255 2517 1388 2585 ridendis

440 2623 569 2702 inclusi,
596 2646 676 2707 quoe
690 2624 723 2688 in
739 2624 887 2708 Spirensi
900 2623 1015 2688 emisse
1030 2632 1113 2688 snnt.

230 2771 232 2776 ι
313 2851 326 2911 Ι
532 2831 736 2908 NOMINA
762 2832 1172 2910 PROUINOIARUM.

654 3007 698 3068 In
721 3006 846 3069 ltalia
869 3006 1060 3069 sedecim:

725 3109 923 3193 Campania,
948 3110 983 3173 in
1007 3133 1071 3192 qua
1094 3120 1142 3173 est
1165 3111 1289 3194 Capua.

725 3213 844 3276 Tuscia
857 3235 932 3276 cum
944 3213 1089 3290 Umbria,
1103 3212 1136 3275 in
1148 3235 1210 3296 qno
1222 3222 1270 3276 est
1282 3215 1388 3276 Romo.

720 3317 856 3380 Emilia.

725 3420 848 3483 Nnrsio
870 3418 1008 3497 Ualerio,
1031 3418 1065 3482 in
1081 3441 1143 3502 qno
1160 3426 1206 3482 esi
1222 3422 1332 3484 Reate.

225 3603 227 3608 Ι
314 3533 329 3585 7
379 3524 516 3594 Quinto:
726 3522 905 3600 Flaminia,
929 3524 965 3584 in
990 3544 1053 3604 qua
1076 3532 1125 3585 est
1146 3523 1318 3586 Rauenna.

314 3636 330 3690 8
376 3631 493 3692 Sento.-
725 3611 887 3706 pisinum,
912 3626 946 3689 in
962 3647 1024 3709 qno
1040 3634 1087 3689 est
1102 3626 1241 3689 Asonlis.

313 3741 330 3794 9
376 3730 540 3812 Septimo:¹
727 3730 879 3812 Liguria,
905 3730 940 3792 in
963 3752 1027 3812 qua
1049 3741 1098 3792 est
1120 3729 1351 3794 Mediolanum.

380 3920 394 3972 I
416 3922 426 3970 l
448 3920 487 3973 ita
509 3919 535 3972 P
556 3936 668 3971 numero
680 3919 817 3988 ,omnium
835 3919 1037 3989 prouinciarum
1057 3921 1086 3973 F
1109 3919 1143 3974 de
1160 3919 1308 3988 prouinciis
1327 3917 1393 3982 Sll‘l

312 4006 352 4060 ito
371 4006 440 4060 Pin
459 4004 536 4059 italia
548 4005 688 4074 prouincia
707 4005 787 4058 XVII
806 4006 835 4058 F
850 4004 990 4075 prouincie
1006 4005 1168 4074 (prouintiae
1184 4007 1230 4070 82)
1245 4004 1320 4058 italie
1339 4003 1393 4068 (its-

311 4092 364 4146 liae
379 4094 424 4156 8²]
447 4099 510 4145 sunt
523 4091 604 4144 XVII
621 4094 642 4144 S
652 4095 690 4157 113
710 4099 793 4161 caput
813 4091 858 4157 Pn
872 4096 886 4143 5
899 4110 950 4144 orn.
968 4093 989 4144 S
1005 4091 1094 4162 spatio
1113 4091 1192 4144 nisius
1209 4110 1301 4146 ceretu
1319 4105 1392 4143 soem

312 4181 404 4232 relicto
415 4182 426 4244 11
441 4183 453 4230 ῖ
468 4178 616 4231 flamminia
636 4179 663 4231 P
677 4177 797 4231 flaminis
817 4177 846 4230 F
861 4176 998 4230 flammina
1018 4179 1040 4230 S
1049 4180 1061 4242 ΙΙ
1073 4176 1155 4246 inque
1177 4175 1206 4230 F
1216 4181 1227 4244 ΙΙ
1240 4179 1256 4228 9
1268 4174 1389 4244 legurism

315 4266 340 4320 P
354 4264 449 4317 licoria
471 4267 499 4317 F
509 4269 519 4331 ΙΙ
532 4275 573 4318 est
590 4283 640 4316 anu
664 4264 709 4329 Pu
724 4262 893 4316 mediolanus
913 4263 938 4314 P
953 4262 1165 4316 mediolanensis
1187 4263 1222 4316 F.
