2988 4882
389 317 438 360 Xll
836 316 1033 360 PRAEFATIO.

390 485 481 550 nulla
508 487 655 571 apposita
677 497 768 550 erant
807 486 872 569 (Or.
901 486 933 560 I;
966 485 1025 549 Oc.
1050 485 1085 562 l;
1116 485 1202 562 VII;
1237 483 1345 569 XLII)
1384 496 1460 548 tanto

390 573 562 658 splendore
597 573 700 658 pictor
728 574 926 649 confecerat,
963 581 999 634 ut
1029 571 1183 656 paginam
1217 571 1385 635 dimidiam
1418 572 1458 635 uel

389 659 493 723 maius
517 659 613 722 etiam
635 660 774 744 spatium
796 658 979 743 implerent.
1028 659 1191 721 Commata
1217 660 1329 723 eadem
1351 658 1417 721 fere
1433 660 1458 720 in

390 747 499 809 codice
521 746 673 822 fuerunt,
699 767 781 828 quae
803 746 838 806 in
861 745 1004 808 editione
1019 754 1129 808 nostra
1151 744 1299 820 fecimus,
1325 747 1381 808 sed
1397 767 1458 807 cun

389 831 539 895 librarius
560 831 661 895 ferme
684 841 826 895 uteretur
842 831 1043 915 compendiis
1060 829 1273 895 sollemnibus
1289 841 1325 894 ut
1342 833 1455 918 praefi,

389 940 487 995 eona,
507 939 587 1000 pp,
620 919 701 1002 lep,
727 917 817 995 cola,
842 940 933 1002 cap,
965 930 1123 1000 notasque
1152 939 1361 981 numerorum
1379 917 1460 980 adhi-

388 1006 496 1080 beret,
527 1025 639 1068 uersus
668 1003 771 1067 multo
799 1004 961 1067 breuiores
991 1014 1170 1067 euaserant.
1225 1005 1356 1068 Praeter
1382 1023 1460 1067 com-

388 1090 507 1176 pendia
528 1090 604 1168 illa,
629 1112 711 1173 quae
733 1100 790 1154 aut
811 1089 940 1175 punctis
963 1101 1020 1154 aut
1041 1089 1179 1173 uirgulis
1197 1092 1349 1155 distincta
1371 1091 1459 1153 fuisse

389 1177 596 1258 crediderim,
624 1178 722 1240 uerba
745 1198 826 1259 quae
849 1187 1009 1239 commata
1031 1176 1160 1260 singula
1192 1177 1377 1240 efficiebant
1392 1197 1460 1239 con-

389 1264 515 1327 tinuata
551 1273 658 1340 erant,
700 1265 746 1326 ita
782 1273 818 1326 ut
850 1262 973 1326 librarii
1006 1263 1215 1347 archetypum
1253 1264 1459 1327 describentes

388 1350 423 1412 in
457 1349 617 1413 diuisione
650 1351 822 1413 uerborum
857 1349 1044 1434 saepissime
1072 1361 1255 1434 peccarent.
1302 1351 1462 1413 Perierunt

388 1436 541 1500 foliorum
564 1437 654 1522 paria
676 1445 844 1519 quattuor,
875 1457 933 1498 suo
961 1436 1032 1499 loeo
1055 1446 1144 1500 mota
1171 1447 1248 1500 sunt
1268 1437 1360 1521 paria
1382 1438 1456 1509 du03

389 1533 552 1608 praeterea
584 1523 723 1608 paginae
752 1522 947 1599 nonnullae,
982 1545 1062 1605 quas
1091 1522 1239 1586 librarius
1266 1524 1306 1586 ad
1329 1523 1461 1607 insignia

388 1609 577 1694 accipienda
597 1610 873 1694 praetermiserat,
898 1610 1028 1692 pictoris
1050 1610 1176 1673 incuria
1198 1631 1320 1674 uacuae
1337 1633 1460 1675 reman-

387 1707 510 1760 serunt.

474 1783 606 1859 Omnia,
631 1803 713 1864 quae
736 1781 902 1844 deforma
925 1783 1043 1846 codicis
1066 1783 1230 1868 archetypi
1248 1785 1459 1869 exposuimus,

388 1869 545 1953 imprimis
567 1868 719 1933 foliorum
742 1868 981 1950 deperditorum
1004 1880 1036 1932 et
1057 1871 1324 1953 transpositorum
1347 1871 1462 1935 ratione

388 1966 489 2032 stare,
521 1956 578 2018 uix
608 1965 657 2018 est
687 1955 773 2037 quod
803 1955 967 2030 dicamus;
998 1965 1030 2018 at
1059 1957 1136 2038 quia
1163 1967 1327 2040 praeterea
1355 1957 1463 2020 summi

387 2041 545 2109 momenti
568 2051 627 2116 est,
653 2051 762 2104 utrum
785 2041 890 2125 capita
913 2064 962 2116 ea,
988 2045 1127 2124 quaein
1150 2042 1313 2107 indicibus
1335 2045 1462 2129 promit-

388 2139 517 2203 tuntur,
544 2127 579 2190 in
602 2126 776 2211 ipso'libro
799 2149 865 2189 non
887 2128 1119 2211 inueniuntur,
1153 2150 1230 2192 casu
1252 2130 1360 2212 aliquo
1383 2131 1462 2194 exci-

388 2215 494 2279 derint
521 2236 563 2277 an
586 2234 753 2296 nunquam
783 2215 817 2277 in
847 2213 957 2277 codiee
985 2215 1159 2300 archetypo
1194 2215 1333 2294 fuerint,
1358 2217 1463 2281 discri-

388 2302 535 2387 ptionem
565 2301 814 2384 quaternionum
848 2310 879 2364 et
909 2299 1062 2363 soliorum
1090 2303 1249 2384 integram
1279 2325 1458 2389 proponam.

388 2389 432 2451 Et
453 2409 625 2451 numerum
641 2397 836 2450 commatum
852 2387 982 2470 quidem
1004 2388 1051 2451 ita
1064 2390 1178 2473 posui,
1205 2399 1241 2451 ut
1255 2409 1362 2473 neque
1381 2391 1461 2454 laeu-

388 2495 447 2538 nas
480 2495 586 2557 neque
619 2472 853 2558 dittographias
887 2475 922 2536 in
952 2474 1126 2560 archetypo
1155 2475 1258 2540 luisse
1292 2497 1462 2550 sumerem;

388 2582 486 2644 quare
508 2560 649 2624 dubitari
671 2559 801 2642 nequit,
829 2560 908 2643 quin
931 2560 992 2623 hac
1016 2571 1168 2645 exparte
1190 2563 1351 2645 permulta
1374 2563 1464 2626 dubia

387 2657 559 2724 maneant,
589 2667 671 2729 quae
695 2657 802 2709 tamen
825 2667 969 2711 summae
991 2647 1038 2710 rei
1061 2669 1223 2731 nusquam
1245 2647 1404 2713 officiunt.

770 2802 1034 2869 QUATERNIO
1058 2804 1084 2866 Ι.

474 2923 567 2986 f01.1
593 2933 649 2986 aut
671 2943 813 2986 uacuum
836 2934 892 2987 aut
913 2924 1047 3007 picturis
1070 2929 1248 3006 ornatum]

474 3009 530 3072 tol.
551 3007 601 3180 2}
620 3019 746 3093 praeter
766 3009 1010 3095 inscriptionem
1033 3031 1157 3074 summo
1174 3011 1344 3097 splendore
1360 3015 1411 3098 pi-

475 3095 568 3160 fola
620 3105 705 3158 ctam
738 3095 879 3160 indicem
908 3107 1102 3160 commatum
1134 3105 1189 3161 127
1224 3099 1408 3176 (103-1-52

619 3187 660 3258 -Ι-
677 3186 716 3243 52
733 3188 774 3259 -Ι-
793 3183 862 3266 133)
889 3184 1086 3247 continebat.

465 3268 521 3332 fol.
542 3276 580 3332 la
603 3289 707 3332 uacua
736 3268 856 3333 relicta.

448 3297 462 3479 l
563 3351 617 3526 b}
636 3353 821 3438 insignibus
842 3356 996 3440 praefecti
1017 3358 1175 3442 praetorio
1192 3357 1335 3422 Orientis
1351 3359 1408 3422 de·
1450 3437 1455 3448 Ι

464 3441 521 3504 fol.
543 3447 581 3505 5a
637 3441 774 3506 stinatae
800 3452 900 3517 erant,
926 3463 1009 3527 quae
1031 3444 1161 3528 pictoris
1188 3445 1269 3509 uitio
1291 3443 1409 3508 omissa
1436 3457 1455 3532 ς

639 3539 726 3590 sunt.

372 3681 383 3706 ·
476 3707 532 3772 sol.
553 3622 592 3772 62
643 3665 699 3730 Or.
718 3666 752 3729 ΙΙ
775 3677 971 3732 commatum
992 3675 1042 3732 72.

414 3907 462 3916 μ
480 3881 535 3947 fol·
557 3795 595 3945 72
645 3837 963 3940 insignia'praefecti
978 3841 1137 3927 praetorio
1157 3865 1215 3927 per
1229 3842 1404 3930 Illyricum.

569 3970 591 4032 b
642 3968 699 4031 Or.
716 3968 771 4032 Ill
794 3981 987 4035 commatum
1013 3979 1064 4036 30.

477 4056 534 4122 fol.
554 4064 593 4122 8a
642 4055 786 4206 {psignia
806 4056 961 4139 praelecti
984 4059 1072 4122 urbis
1092 4059 1391 4146 Constantinopoli-

676 4164 748 4206 nae.

571 4230 593 4294 b
645 4229 701 4293 Or.
724 4229 783 4294 IV.
