2954 4886
341 379 390 422 oc.
410 379 487 422 xnv.
515 377 659 422 masas
675 379 880 422 naamanin.
1091 361 1152 422 225

322 546 505 632 Principem
529 571 569 611 ex
593 547 705 611 eodem
725 548 842 611 officio.

320 651 588 714 cornicularium.

320 754 510 817 Tabularios
533 755 625 817 duos.
649 767 657 791 ί

321 857 662 920 Commentariensem.

319 959 519 1024 Adiutorem.

320 1064 372 1125 Ab
395 1063 484 1128 actis.

250 1249 253 1256 Α
322 1167 555 1230 Subadiuuam.

321 1269 517 1354 Exceptores
547 1280 580 1334 et
608 1267 748 1352 reliquos
772 1267 1004 1348 caho'rtalinos,
1037 1272 1154 1356 quibus

384 1396 451 1435 non
473 1372 550 1436 licet
572 1374 612 1436 ad
635 1373 730 1436 aliam
754 1373 888 1437 transire
913 1374 1063 1438 militiam
1086 1376 1155 1438 sine

385 1475 593 1539 annotatione
617 1475 808 1540 clementiae
830 1475 1030 1562 principalia.
1231 1459 1238 1489 ³

56 1584 114 1656 :15
138 1578 266 1643 Ceteri
299 1579 512 1664 praesides
553 1578 599 1640 ad
633 1571 956 1643 similitudinem
988 1581 1154 1665 praesi-

202 1683 263 1746 dis
286 1683 517 1746 Dalmatiae
542 1681 732 1746 officium
755 1684 915 1746 habent.

145 1907 160 1955 9
177 1903 337 1959 tabullarios
360 1905 409 1970 Vll
433 1907 463 1957 13
482 1903 655 1958 aubadiuuan
678 1907 728 1972 Vll
749 1909 779 1958 14
803 1905 997 1960 cohortallinoa
1026 1908 1140 1964 OPVM
1146 1907 1155 1977 11

84 1985 213 2044 elementia
230 1988 374 2061 pppapippia
391 1990 547 2060 principalia
564 1989 597 2043 ‘V
606 1994 617 2056 11
632 1994 662 2044 15
680 1991 764 2046 habet
786 1993 852 2047 VM.

144 2077 228 2130 Addit
251 2079 290 2132 V:
309 2077 392 2132 Anno
411 2078 459 2130 diii
478 2080 553 2131 1484.
590 2079 679 2131 Addit
702 2079 738 2132 0.-
763 2077 956 2148 Exemplataa
979 2077 1029 2132 hec
1047 2095 1153 2132 cosmo-

83 2160 190 2231 graphia
205 2181 256 2233 que
276 2163 349 2217 Scoti
374 2162 475 2216 dicitur
492 2181 554 2216 cum
571 2164 683 2235 picturis
701 2182 735 2217 ax
752 2163 937 2218 uetustissimo
964 2163 1057 2218 codice
1074 2181 1154 2234 quem

84 2245 159 2300 habui
183 2267 214 2302 ex
233 2249 354 2320 Spirensi
376 2246 553 2304 bibliotheca.
591 2250 671 2304 Anno
691 2249 738 2303 diii
758 2249 1044 2310 ·M·COCC·XXXVI.·
1064 2268 1154 2305 manae

83 2331 207 2390 Ianuario.
245 2336 320 2388 Dum
338 2353 389 2404 ego
408 2337 504 2389 Petrus
521 2336 648 2400 donatus,
674 2336 716 2389 dei
734 2335 868 2405 pacientia
886 2336 1030 2408 episeopus
1049 2337 1153 2407 padua-

85 2434 143 2484 nus,
171 2421 227 2475 uice
247 2421 414 2477 sanctissimi
441 2422 489 2474 dffi
513 2422 630 2492 Eugenii
656 2440 725 2493 pape
751 2422 827 2474 ·IIII·
856 2421 984 2476 Generali
1009 2421 1154 2475 Basiliensi

85 2501 197 2560 Concilio
215 2507 390 2578 presiderem.
