<?xml version="1.0" encoding="UTF-8"?>
<!DOCTYPE html PUBLIC "-//W3C//DTD XHTML 1.0 Transitional//EN"
    "http://www.w3.org/TR/xhtml1/DTD/xhtml1-transitional.dtd">
<html xmlns="http://www.w3.org/1999/xhtml" xml:lang="en" lang="en">
 <head>
  <title>
</title>
<meta http-equiv="Content-Type" content="text/html;charset=utf-8" />
  <meta name='ocr-system' content='tesseract 3.04.00' />
  <meta name='ocr-capabilities' content='ocr_page ocr_carea ocr_par ocr_line ocrx_word'/>
</head>
<body>
  <div class='ocr_page' id='page_1' title='image "./notitiadignitat00silvgoog/notitiadignitat00silvgoog_0141.png"; bbox 0 0 2952 4890; ppageno 0'>
   <div class='ocr_carea' id='block_1_1' title="bbox 468 341 706 388">
    <p class='ocr_par' dir='ltr' id='par_1_1' title="bbox 468 341 706 388">
     <span class='ocr_line' id='line_1_1' title="bbox 468 341 706 388; baseline -0.013 0"><span class='ocrx_word' id='word_1_1' title='bbox 468 345 519 388; x_wconf 85' lang='lat'><strong>00.</strong></span> <span class='ocrx_word' id='word_1_2' title='bbox 538 343 562 388; x_wconf 77' lang='lat'><strong>1:</strong></span> <span class='ocrx_word' id='word_1_3' title='bbox 590 341 706 386; x_wconf 73' lang='lat' dir='ltr'><strong>INDEX.</strong></span> 
     </span>
    </p>
   </div>
   <div class='ocr_carea' id='block_1_2' title="bbox 205 512 915 3910">
    <p class='ocr_par' dir='ltr' id='par_1_2' title="bbox 252 512 915 1303">
     <span class='ocr_line' id='line_1_2' title="bbox 346 512 736 580; baseline -0.008 -2"><span class='ocrx_word' id='word_1_4' title='bbox 346 512 502 580; x_wconf 79' lang='lat' dir='ltr'><strong>Uenetiae</strong></span> <span class='ocrx_word' id='word_1_5' title='bbox 526 522 558 578; x_wconf 88' lang='lat' dir='ltr'><strong>et</strong></span> <span class='ocrx_word' id='word_1_6' title='bbox 579 512 736 578; x_wconf 83' lang='lat' dir='ltr'>Histriae.</span> 
     </span>
     <span class='ocr_line' id='line_1_3' title="bbox 252 615 515 681; baseline 0.004 -1"><span class='ocrx_word' id='word_1_7' title='bbox 252 617 291 648; x_wconf 55' lang='lat'><strong>⁴*</strong></span> <span class='ocrx_word' id='word_1_8' title='bbox 344 615 515 681; x_wconf 72' lang='lat' dir='ltr'><strong>Aemiliae.</strong></span> 
     </span>
     <span class='ocr_line' id='line_1_4' title="bbox 346 719 510 804; baseline 0 -20"><span class='ocrx_word' id='word_1_9' title='bbox 346 719 510 804; x_wconf 85' lang='lat' dir='ltr'><strong>Liguriae.</strong></span> 
     </span>
     <span class='ocr_line' id='line_1_5' title="bbox 344 817 915 888; baseline -0.016 0"><span class='ocrx_word' id='word_1_10' title='bbox 344 823 525 888; x_wconf 80' lang='lat' dir='ltr'>Flaminiae</span> <span class='ocrx_word' id='word_1_11' title='bbox 548 831 580 888; x_wconf 88' lang='lat' dir='ltr'><strong>et</strong></span> <span class='ocrx_word' id='word_1_12' title='bbox 602 820 714 886; x_wconf 91' lang='lat' dir='ltr'><strong>Piceni</strong></span> <span class='ocrx_word' id='word_1_13' title='bbox 737 817 915 884; x_wconf 79' lang='lat' dir='ltr'><strong>annonarii.</strong></span> 
     </span>
     <span class='ocr_line' id='line_1_6' title="bbox 345 925 724 992; baseline -0.003 -2"><span class='ocrx_word' id='word_1_14' title='bbox 345 928 483 992; x_wconf 84' lang='lat' dir='ltr'><strong>Tusciae</strong></span> <span class='ocrx_word' id='word_1_15' title='bbox 506 937 538 991; x_wconf 81' lang='lat' dir='ltr'><strong>et</strong></span> <span class='ocrx_word' id='word_1_16' title='bbox 559 925 724 990; x_wconf 85' lang='lat' dir='ltr'><strong>Umbriae.</strong></span> 
     </span>
     <span class='ocr_line' id='line_1_7' title="bbox 347 1028 705 1094; baseline 0 0"><span class='ocrx_word' id='word_1_17' title='bbox 347 1029 461 1094; x_wconf 88' lang='lat' dir='ltr'><strong>Piceni</strong></span> <span class='ocrx_word' id='word_1_18' title='bbox 482 1028 705 1094; x_wconf 83' lang='lat' dir='ltr'><strong>suburbicarii.</strong></span> 
     </span>
     <span class='ocr_line' id='line_1_8' title="bbox 347 1133 557 1219; baseline 0.005 -22"><span class='ocrx_word' id='word_1_19' title='bbox 347 1133 557 1219; x_wconf 86' lang='lat' dir='ltr'><strong>Campaniae.</strong></span> 
     </span>
     <span class='ocr_line' id='line_1_9' title="bbox 348 1237 487 1303; baseline -0.022 0"><span class='ocrx_word' id='word_1_20' title='bbox 348 1237 487 1303; x_wconf 79' lang='lat' dir='ltr'><strong>Siciliae.</strong></span> 
     </span>
    </p>

    <p class='ocr_par' dir='ltr' id='par_1_3' title="bbox 306 1339 702 1528">
     <span class='ocr_line' id='line_1_10' title="bbox 306 1339 702 1406; baseline -0.01 0"><span class='ocrx_word' id='word_1_21' title='bbox 306 1343 380 1406; x_wconf 89' lang='lat' dir='ltr'><strong>Per</strong></span> <span class='ocrx_word' id='word_1_22' title='bbox 401 1339 584 1404; x_wconf 83' lang='lat' dir='ltr'><strong>Africam</strong></span> <span class='ocrx_word' id='word_1_23' title='bbox 606 1339 702 1404; x_wconf 89' lang='lat' dir='ltr'><strong>duo:</strong></span> 
     </span>
     <span class='ocr_line' id='line_1_11' title="bbox 348 1442 488 1528; baseline -0.014 -22"><span class='ocrx_word' id='word_1_24' title='bbox 348 1442 488 1528; x_wconf 84' lang='lat' dir='ltr'><strong>Byzacii.</strong></span> 
     </span>
    </p>

    <p class='ocr_par' dir='ltr' id='par_1_4' title="bbox 302 1533 536 1612">
     <span class='ocr_line' id='line_1_12' title="bbox 302 1533 536 1612; baseline -0.013 0"><span class='ocrx_word' id='word_1_25' title='bbox 302 1533 304 1538; x_wconf 33' lang='lat'><strong><em>¹</em></strong></span> <span class='ocrx_word' id='word_1_26' title='bbox 347 1546 536 1612; x_wconf 86' lang='lat' dir='ltr'><strong>Numidiae.</strong></span> 
     </span>
    </p>

    <p class='ocr_par' dir='ltr' id='par_1_5' title="bbox 309 1649 763 1818">
     <span class='ocr_line' id='line_1_13' title="bbox 309 1649 763 1734; baseline -0.011 -18"><span class='ocrx_word' id='word_1_27' title='bbox 309 1654 382 1716; x_wconf 91' lang='lat' dir='ltr'><strong>Per</strong></span> <span class='ocrx_word' id='word_1_28' title='bbox 404 1649 637 1734; x_wconf 88' lang='lat' dir='ltr'><strong>Hispanias</strong></span> <span class='ocrx_word' id='word_1_29' title='bbox 660 1659 763 1712; x_wconf 85' lang='lat' dir='ltr'><strong>tres:</strong></span> 
     </span>
     <span class='ocr_line' id='line_1_14' title="bbox 349 1753 510 1818; baseline 0 -2"><span class='ocrx_word' id='word_1_30' title='bbox 349 1753 510 1818; x_wconf 86' lang='lat' dir='ltr'><strong>Baeticae.</strong></span> 
     </span>
    </p>

    <p class='ocr_par' dir='ltr' id='par_1_6' title="bbox 349 1856 548 2024">
     <span class='ocr_line' id='line_1_15' title="bbox 349 1856 548 1922; baseline -0.015 -1"><span class='ocrx_word' id='word_1_31' title='bbox 349 1856 548 1922; x_wconf 87' lang='lat' dir='ltr'><strong>Lusitaniae.</strong></span> 
     </span>
     <span class='ocr_line' id='line_1_16' title="bbox 350 1960 540 2024; baseline -0.005 0"><span class='ocrx_word' id='word_1_32' title='bbox 350 1960 540 2024; x_wconf 87' lang='lat' dir='ltr'><strong>Callaeciae.</strong></span> 
     </span>
    </p>

    <p class='ocr_par' dir='ltr' id='par_1_7' title="bbox 309 2062 809 2668">
     <span class='ocr_line' id='line_1_17' title="bbox 309 2062 683 2128; baseline -0.005 0"><span class='ocrx_word' id='word_1_33' title='bbox 309 2065 386 2128; x_wconf 89' lang='lat' dir='ltr'><strong>Per</strong></span> <span class='ocrx_word' id='word_1_34' title='bbox 408 2062 573 2128; x_wconf 84' lang='lat' dir='ltr'><strong>Gallias</strong></span> <span class='ocrx_word' id='word_1_35' title='bbox 597 2083 683 2126; x_wconf 85' lang='lat' dir='ltr'><strong>sex:</strong></span> 
     </span>
     <span class='ocr_line' id='line_1_18' title="bbox 350 2165 559 2232; baseline -0.014 0"><span class='ocrx_word' id='word_1_36' title='bbox 350 2165 559 2232; x_wconf 89' lang='lat' dir='ltr'><strong>Uiennensis.</strong></span> 
     </span>
     <span class='ocr_line' id='line_1_19' title="bbox 348 2269 809 2354; baseline 0 -22"><span class='ocrx_word' id='word_1_37' title='bbox 348 2269 579 2354; x_wconf 79' lang='lat' dir='ltr'><strong>Lugdunensis</strong></span> <span class='ocrx_word' id='word_1_38' title='bbox 602 2269 736 2354; x_wconf 88' lang='lat' dir='ltr'><strong>primae.</strong></span> <span class='ocrx_word' id='word_1_39' title='bbox 806 2320 809 2325; x_wconf 94' lang='lat'><strong>.</strong></span> 
     </span>
     <span class='ocr_line' id='line_1_20' title="bbox 351 2372 702 2457; baseline -0.006 -19"><span class='ocrx_word' id='word_1_40' title='bbox 351 2372 546 2438; x_wconf 85' lang='lat' dir='ltr'><strong>Germaniae</strong></span> <span class='ocrx_word' id='word_1_41' title='bbox 568 2373 702 2457; x_wconf 89' lang='lat' dir='ltr'><strong>primae.</strong></span> 
     </span>
     <span class='ocr_line' id='line_1_21' title="bbox 349 2477 737 2542; baseline -0.003 -1"><span class='ocrx_word' id='word_1_42' title='bbox 349 2477 544 2542; x_wconf 88' lang='lat' dir='ltr'><strong>Germaniae</strong></span> <span class='ocrx_word' id='word_1_43' title='bbox 568 2477 737 2542; x_wconf 89' lang='lat' dir='ltr'><strong>secundae.</strong></span> 
     </span>
     <span class='ocr_line' id='line_1_22' title="bbox 350 2579 656 2668; baseline -0.003 -24"><span class='ocrx_word' id='word_1_44' title='bbox 350 2579 501 2668; x_wconf 76' lang='lat' dir='ltr'><strong>Belgicae</strong></span> <span class='ocrx_word' id='word_1_45' title='bbox 523 2581 656 2666; x_wconf 89' lang='lat' dir='ltr'><strong>primae.</strong></span> 
     </span>
    </p>

    <p class='ocr_par' dir='ltr' id='par_1_8' title="bbox 205 2684 693 2778">
     <span class='ocr_line' id='line_1_23' title="bbox 205 2684 693 2778; baseline 0.002 -29"><span class='ocrx_word' id='word_1_46' title='bbox 205 2774 206 2778; x_wconf 7' lang='grc' dir='ltr'><strong>Ἰ</strong></span> <span class='ocrx_word' id='word_1_47' title='bbox 349 2685 499 2768; x_wconf 82' lang='lat' dir='ltr'><strong>Belgicae</strong></span> <span class='ocrx_word' id='word_1_48' title='bbox 522 2684 693 2750; x_wconf 79' lang='lat' dir='ltr'><strong>secundae.</strong></span> 
     </span>
    </p>

    <p class='ocr_par' dir='ltr' id='par_1_9' title="bbox 307 2788 766 3062">
     <span class='ocr_line' id='line_1_24' title="bbox 307 2788 766 2854; baseline -0.004 -2"><span class='ocrx_word' id='word_1_49' title='bbox 307 2790 381 2854; x_wconf 91' lang='lat' dir='ltr'><strong>Per</strong></span> <span class='ocrx_word' id='word_1_50' title='bbox 402 2788 646 2854; x_wconf 80' lang='lat' dir='ltr'><strong>Britannias</strong></span> <span class='ocrx_word' id='word_1_51' title='bbox 668 2790 766 2853; x_wconf 82' lang='lat' dir='ltr'><strong>duo:</strong></span> 
     </span>
     <span class='ocr_line' id='line_1_25' title="bbox 348 2887 763 2958; baseline -0.007 0"><span class='ocrx_word' id='word_1_52' title='bbox 348 2892 513 2958; x_wconf 85' lang='lat' dir='ltr'><strong>Maximae</strong></span> <span class='ocrx_word' id='word_1_53' title='bbox 535 2887 763 2958; x_wconf 77' lang='lat' dir='ltr'><strong>Caesariensis.</strong></span> 
     </span>
     <span class='ocr_line' id='line_1_26' title="bbox 350 2996 530 3062; baseline -0.011 0"><span class='ocrx_word' id='word_1_54' title='bbox 350 2996 530 3062; x_wconf 85' lang='lat' dir='ltr'><strong>Ualentiae.</strong></span> 
     </span>
    </p>

    <p class='ocr_par' dir='ltr' id='par_1_10' title="bbox 260 3103 644 3167">
     <span class='ocr_line' id='line_1_27' title="bbox 260 3103 644 3167; baseline -0.003 -2"><span class='ocrx_word' id='word_1_55' title='bbox 260 3103 521 3167; x_wconf 83' lang='lat' dir='ltr'><strong>Correctores</strong></span> <span class='ocrx_word' id='word_1_56' title='bbox 544 3109 644 3166; x_wconf 77' lang='lat' dir='ltr'><strong>tres:</strong></span> 
     </span>
    </p>

    <p class='ocr_par' dir='ltr' id='par_1_11' title="bbox 309 3203 790 3480">
     <span class='ocr_line' id='line_1_28' title="bbox 309 3203 689 3270; baseline -0.005 -2"><span class='ocrx_word' id='word_1_57' title='bbox 309 3203 381 3268; x_wconf 91' lang='lat' dir='ltr'><strong>Per</strong></span> <span class='ocrx_word' id='word_1_58' title='bbox 403 3203 571 3270; x_wconf 85' lang='lat' dir='ltr'><strong>Italiam</strong></span> <span class='ocrx_word' id='word_1_59' title='bbox 592 3203 689 3267; x_wconf 84' lang='lat' dir='ltr'><strong>duo:</strong></span> 
     </span>
     <span class='ocr_line' id='line_1_29' title="bbox 352 3307 747 3393; baseline -0.003 -22"><span class='ocrx_word' id='word_1_60' title='bbox 352 3307 492 3393; x_wconf 84' lang='lat' dir='ltr'><strong>Apuliae</strong></span> <span class='ocrx_word' id='word_1_61' title='bbox 515 3318 546 3373; x_wconf 87' lang='lat' dir='ltr'><strong>et</strong></span> <span class='ocrx_word' id='word_1_62' title='bbox 569 3307 747 3372; x_wconf 88' lang='lat' dir='ltr'><strong>Calabriae.</strong></span> 
     </span>
     <span class='ocr_line' id='line_1_30' title="bbox 351 3410 790 3480; baseline 0 -6"><span class='ocrx_word' id='word_1_63' title='bbox 351 3411 514 3476; x_wconf 87' lang='lat' dir='ltr'><strong>Lucaniae</strong></span> <span class='ocrx_word' id='word_1_64' title='bbox 537 3421 570 3480; x_wconf 83' lang='lat' dir='ltr'><strong>et</strong></span> <span class='ocrx_word' id='word_1_65' title='bbox 590 3410 790 3476; x_wconf 81' lang='lat' dir='ltr'><strong>Brittiorum.</strong></span> 
     </span>
    </p>

    <p class='ocr_par' dir='ltr' id='par_1_12' title="bbox 310 3515 825 3684">
     <span class='ocr_line' id='line_1_31' title="bbox 310 3515 825 3581; baseline -0.004 -3"><span class='ocrx_word' id='word_1_66' title='bbox 310 3516 387 3578; x_wconf 90' lang='lat' dir='ltr'><strong>Per</strong></span> <span class='ocrx_word' id='word_1_67' title='bbox 407 3515 661 3581; x_wconf 87' lang='lat' dir='ltr'><strong>Pannoniam</strong></span> <span class='ocrx_word' id='word_1_68' title='bbox 683 3533 825 3577; x_wconf 90' lang='lat' dir='ltr'><strong>unum:</strong></span> 
     </span>
     <span class='ocr_line' id='line_1_32' title="bbox 353 3618 481 3684; baseline -0.008 -2"><span class='ocrx_word' id='word_1_69' title='bbox 353 3618 481 3684; x_wconf 87' lang='lat' dir='ltr'><strong>Sauiae.</strong></span> 
     </span>
    </p>

    <p class='ocr_par' dir='ltr' id='par_1_13' title="bbox 262 3722 863 3910">
     <span class='ocr_line' id='line_1_33' title="bbox 262 3722 849 3806; baseline -0.005 -20"><span class='ocrx_word' id='word_1_70' title='bbox 262 3722 481 3790; x_wconf 83' lang='lat' dir='ltr'><strong>Praesides</strong></span> <span class='ocrx_word' id='word_1_71' title='bbox 503 3723 685 3806; x_wconf 85' lang='lat' dir='ltr'><strong>triginta</strong></span> <span class='ocrx_word' id='word_1_72' title='bbox 706 3743 849 3785; x_wconf 90' lang='lat' dir='ltr'><strong>unum:</strong></span> 
     </span>
     <span class='ocr_line' id='line_1_34' title="bbox 313 3826 863 3910; baseline -0.004 -21"><span class='ocrx_word' id='word_1_73' title='bbox 313 3827 387 3890; x_wconf 92' lang='lat' dir='ltr'><strong>Per</strong></span> <span class='ocrx_word' id='word_1_74' title='bbox 408 3826 626 3910; x_wconf 89' lang='lat' dir='ltr'><strong>Illyricum</strong></span> <span class='ocrx_word' id='word_1_75' title='bbox 653 3831 863 3908; x_wconf 84' lang='lat' dir='ltr'><strong>quattuor:</strong></span> 
     </span>
    </p>
   </div>
   <div class='ocr_carea' id='block_1_3' title="bbox 267 3284 287 3317">
    <p class='ocr_par' dir='ltr' id='par_1_14' title="bbox 267 3284 287 3317">
     <span class='ocr_line' id='line_1_35' title="bbox 267 3284 287 3317; baseline 0 0"><span class='ocrx_word' id='word_1_76' title='bbox 267 3284 287 3317; x_wconf 57' lang='grc' dir='ltr'>Χ</span> 
     </span>
    </p>
   </div>
   <div class='ocr_carea' id='block_1_4' title="bbox 99 4057 1146 4328">
    <p class='ocr_par' dir='ltr' id='par_1_15' title="bbox 99 4057 1146 4328">
     <span class='ocr_line' id='line_1_36' title="bbox 148 4057 1145 4153; baseline -0.001 -18"><span class='ocrx_word' id='word_1_77' title='bbox 148 4075 175 4127; x_wconf 74' lang='lat'><strong>⁵⁶</strong></span> <span class='ocrx_word' id='word_1_78' title='bbox 190 4082 321 4137; x_wconf 67' lang='lat' dir='ltr'><strong>unuani</strong></span> <span class='ocrx_word' id='word_1_79' title='bbox 348 4083 488 4150; x_wconf 68' lang='lat' dir='ltr'><strong>crarta}</strong></span> <span class='ocrx_word' id='word_1_80' title='bbox 510 4086 541 4135; x_wconf 76' lang='lat' dir='ltr'><strong>er</strong></span> <span class='ocrx_word' id='word_1_81' title='bbox 561 4057 649 4138; x_wconf 65' lang='lat' dir='ltr'><strong>aaran</strong></span> <span class='ocrx_word' id='word_1_82' title='bbox 671 4085 700 4138; x_wconf 75' lang='lat' dir='ltr'><em>V</em></span> <span class='ocrx_word' id='word_1_83' title='bbox 713 4085 725 4148; x_wconf 99' lang='grc' dir='ltr'><strong>ιι</strong></span> <span class='ocrx_word' id='word_1_84' title='bbox 746 4085 778 4134; x_wconf 81' lang='lat' dir='ltr'><strong>sa</strong></span> <span class='ocrx_word' id='word_1_85' title='bbox 803 4083 863 4153; x_wconf 75' lang='lat' dir='ltr'><strong>piae</strong></span> <span class='ocrx_word' id='word_1_86' title='bbox 887 4083 915 4137; x_wconf 85' lang='lat' dir='ltr'><em>V</em></span> <span class='ocrx_word' id='word_1_87' title='bbox 929 4085 940 4148; x_wconf 89' lang='grc' dir='ltr'><strong>ιι</strong></span> <span class='ocrx_word' id='word_1_88' title='bbox 961 4080 1145 4138; x_wconf 80' lang='lat' dir='ltr'><strong>subundioarii</strong></span> 
     </span>
     <span class='ocr_line' id='line_1_37' title="bbox 102 4153 1146 4240; baseline 0.014 -35"><span class='ocrx_word' id='word_1_89' title='bbox 102 4153 206 4231; x_wconf 75' lang='lat' dir='ltr'><strong>CPVMu</strong></span> <span class='ocrx_word' id='word_1_90' title='bbox 218 4170 249 4220; x_wconf 81' lang='grc'><strong>64</strong></span> <span class='ocrx_word' id='word_1_91' title='bbox 263 4176 317 4223; x_wconf 74' lang='lat' dir='ltr'><strong>tres</strong></span> <span class='ocrx_word' id='word_1_92' title='bbox 335 4188 385 4222; x_wconf 78' lang='lat' dir='ltr'><strong>orn.</strong></span> <span class='ocrx_word' id='word_1_93' title='bbox 405 4172 439 4224; x_wconf 88' lang='lat' dir='ltr'><em>M</em></span> <span class='ocrx_word' id='word_1_94' title='bbox 450 4172 461 4235; x_wconf 82' lang='grc'><strong>11</strong></span> <span class='ocrx_word' id='word_1_95' title='bbox 474 4173 506 4223; x_wconf 83' lang='grc'><strong>67</strong></span> <span class='ocrx_word' id='word_1_96' title='bbox 525 4169 637 4227; x_wconf 85' lang='lat' dir='ltr'><strong>calleote</strong></span> <span class='ocrx_word' id='word_1_97' title='bbox 662 4170 706 4235; x_wconf 73' lang='lat' dir='ltr'><strong>Vll</strong></span> <span class='ocrx_word' id='word_1_98' title='bbox 726 4172 757 4220; x_wconf 82' lang='lat'><strong>70</strong></span> <span class='ocrx_word' id='word_1_99' title='bbox 776 4168 878 4239; x_wconf 88' lang='lat' dir='ltr'><strong>primae</strong></span> <span class='ocrx_word' id='word_1_100' title='bbox 896 4187 947 4222; x_wconf 80' lang='lat' dir='ltr'><strong>om.</strong></span> <span class='ocrx_word' id='word_1_101' title='bbox 973 4170 996 4224; x_wconf 89' lang='lat' dir='ltr'><strong>C</strong></span> <span class='ocrx_word' id='word_1_102' title='bbox 1006 4171 1017 4234; x_wconf 83' lang='grc' dir='ltr'><strong>ιι</strong></span> <span class='ocrx_word' id='word_1_103' title='bbox 1036 4170 1064 4220; x_wconf 75' lang='lat' dir='ltr'><strong>&#39;tl</strong></span> <span class='ocrx_word' id='word_1_104' title='bbox 1083 4172 1146 4240; x_wconf 78' lang='lat' dir='ltr'><strong>poet</strong></span> 
     </span>
     <span class='ocr_line' id='line_1_38' title="bbox 99 4245 577 4328; baseline 0.004 -2"><span class='ocrx_word' id='word_1_105' title='bbox 99 4245 121 4292; x_wconf 72' lang='lat'><strong>⁷⁴</strong></span> <span class='ocrx_word' id='word_1_106' title='bbox 131 4247 203 4326; x_wconf 46' lang='lat'><strong>⁰⁰⁸⁰&amp;</strong></span> <span class='ocrx_word' id='word_1_107' title='bbox 216 4256 252 4308; x_wconf 83' lang='lat' dir='ltr'><em>M</em></span> <span class='ocrx_word' id='word_1_108' title='bbox 259 4257 271 4322; x_wconf 81' lang='lat' dir='ltr'><strong>l</strong></span> <span class='ocrx_word' id='word_1_109' title='bbox 283 4258 314 4308; x_wconf 83' lang='lat'><strong>85</strong></span> <span class='ocrx_word' id='word_1_110' title='bbox 332 4264 447 4328; x_wconf 60' lang='lat' dir='ltr'><strong>aretas?</strong></span> <span class='ocrx_word' id='word_1_111' title='bbox 471 4263 525 4310; x_wconf 75' lang='lat' dir='ltr'><strong>aa</strong></span> <span class='ocrx_word' id='word_1_112' title='bbox 545 4258 577 4311; x_wconf 88' lang='lat' dir='ltr'><strong>P·</strong></span> 
     </span>
    </p>
   </div>
   <div class='ocr_carea' id='block_1_5' title="bbox 0 0 1480 4890">
    <p class='ocr_par' dir='ltr' id='par_1_16' title="bbox 0 0 1480 4890">
     <span class='ocr_line' id='line_1_39' title="bbox 0 0 1480 4890; baseline 0 0"><span class='ocrx_word' id='word_1_113' title='bbox 0 0 1480 4890; x_wconf 95' lang='lat' dir='ltr'><strong> </strong></span> 
     </span>
    </p>
   </div>
  </div>
 </body>
</html>
