2988 4882
455 302 654 347 PRAEFATIO.
1061 305 1098 350 x1

26 473 220 561 neglegentia
243 472 409 558 scriptoris
439 482 526 536 ortae
549 473 633 550 sint,
665 473 699 535 in
730 495 766 536 eo
796 472 884 537 haud
914 474 960 539 ita
983 475 1101 540 multas

29 561 175 624 inuenies
225 561 291 624 Sed
314 581 388 624 oum
410 559 567 643 opuscula
589 558 803 644 geographica
826 561 859 623 in
877 561 985 626 codice
1002 562 1102 628 Dres-

29 646 110 710 densi
134 653 193 709 182
219 657 252 710 et
274 646 410 710 notitiae
432 646 562 709 urbium
585 646 620 708 iu
643 646 753 710 codice
768 646 1015 712 Uindoboneusi
1042 655 1099 712 162

26 733 66 794 ita
90 733 257 817 legantur,
290 744 328 796 ut
358 731 500 796 dubitari
522 743 664 815 nequeat
694 733 774 815 quin
797 755 837 796 ex
861 735 974 798 eodem
998 757 1014 797 e
1037 756 1100 818 quo

25 819 176 902 Spirensis
209 820 300 883 fonte
333 818 507 894 fluxerint,
538 818 590 880 his
619 818 743 882 collatis
772 819 922 883 librarius
951 820 1005 884 ille
1033 843 1100 885 non

23 927 178 988 nunquam
202 905 462 989 interpolationis
486 905 669 986 arguendus
691 907 779 978 est¹;
809 928 891 988 quae
914 905 1010 970 latius
1034 907 1099 970 for-

22 1003 99 1055 tasse
118 992 301 1076 carpsisset,
327 992 392 1054 nisi
413 990 569 1055 librorum
585 991 744 1066 omnium,
768 1012 848 1074 quos
871 994 973 1058 codex
996 995 1100 1057 conti-

22 1079 120 1154 nebat,
145 1101 184 1141 ea
207 1077 290 1143 ratio
314 1087 409 1155 esset,
435 1098 518 1161 quae
539 1077 700 1141 rarissime
723 1087 849 1141 tanturn
873 1079 1008 1161 ingenio
1023 1102 1099 1164 pro-

20 1166 86 1248 prio
115 1164 303 1246 indulgere·
321 1163 530 1249 permitteret.
578 1164 690 1246 Itaque
724 1163 990 1248 interpolationes
1024 1165 1099 1230 illae

23 1273 78 1313 neo
98 1250 218 1314 multae
242 1272 303 1313 nec
325 1249 391 1314 fere
413 1249 543 1314 maioris
565 1250 722 1313 momenti
739 1260 824 1323 sunt,
844 1251 983 1315 simodo
1000 1273 1100 1337 opus·

22 1337 89 1400 cula
119 1336 270 1421 singula,
307 1358 389 1420 quae
421 1335 572 1399 librarius
600 1335 636 1398 in
665 1357 780 1420 corpus
809 1359 910 1400 unum
945 1338 1098 1416 contulit,

23 1423 168 1507 exemplis
185 1424 264 1486 satis
280 1422 459 1487 emendatis
475 1423 516 1486 ad
531 1443 606 1485 eum
621 1422 839 1506 peruenerint.
867 1424 919 1486 Ad
934 1425 1014 1490 haec
1029 1424 1100 1510 ipsa

23 1531 92 1590 ergo
120 1520 186 1574 tota
216 1509 363 1592 quaestio
392 1507 616 1572 transferenda
645 1518 712 1585 est,
743 1530 779 1572 ao
806 1510 945 1594 primum
969 1511 1099 1594 quidem

23 1598 58 1659 de
79 1597 200 1660 Notitia
217 1596 426 1678 Dignitatum
450 1594 567 1658 dicturi
590 1616 712 1672 sumus,
738 1617 821 1678 quae
843 1596 909 1660 nisi
930 1597 966 1661 in
989 1598 1099 1662 codice

24 1683 158 1766 Spirensi
180 1703 346 1764 nusquam
371 1682 518 1746 traditur.

102 1769 198 1833 Liber
208 1770 230 1850 ²)
258 1768 447 1852 primarius,
473 1768 530 1850 qui
554 1767 633 1830 Not.
662 1767 869 1852 Dignitatum
893 1769 995 1832 solam
1022 1791 1100 1832 con-

27 1856 154 1928 tinebat,
180 1855 354 1918 constabat
376 1853 643 1937 quaternionibus
666 1854 836 1930 tredecim,
868 1856 985 1939 quibus
1009 1856 1100 1920 senio

27 1963 103 2003 unus
124 1942 269 2005 adiectus
294 1951 371 2004 erat.
418 1939 585 2004 Librarius
608 1939 643 2002 iu
665 1940 730 2002 fine
754 1941 910 2024 cuiusque
933 1941 1101 2025 dignitatis

23 2029 147 2111 gradus,
173 2037 312 2111 excepto
336 2026 567 2104 clarissimatu,
601 2025 657 2109 qui
680 2049 754 2090 cum
777 2048 843 2090 uno
872 2038 997 2093 tantum
1020 2028 1100 2092 folio

25 2115 252 2190 contineretur,
286 2113 590 2198 perfectissimatum
619 2113 689 2177 sine
720 2111 882 2177 diuisione
911 2115 1097 2198 praecessit,

24 2199 147 2283 paginas
177 2199 326 2282 singulas
350 2221 469 2263 uacuas
492 2198 680 2283 reliquerat;
714 2199 793 2262 item
823 2210 885 2264 tres
908 2201 992 2264 inter
1014 2203 1101 2265 noti-

26 2287 81 2348 tias
107 2287 250 2351 Orientis
288 2296 322 2350 et
351 2285 539 2350 Occidentis
575 2296 714 2370 postque
752 2285 891 2350 indicem
927 2299 1100 2371 utrumque

23 2375 212 2458 conscriptae
236 2395 307 2436 non
328 2374 468 2436 fuerunt.
517 2371 647 2436 Folium
669 2373 811 2457 primum
827 2382 934 2436 utrurn
959 2395 1101 2437 uacuum

24 2482 79 2534 au,
103 2461 184 2544 quod
206 2459 315 2544 magis
337 2459 463 2544 placet,
482 2458 616 2543 picturis
640 2467 790 2522 ornatum
812 2460 925 2536 luerit,
952 2481 1026 2524 cum
1043 2483 1101 2524 ex-

26 2545 149 2623 ciderit,
185 2545 317 2608 definiri
350 2546 474 2629 nequit.
532 2543 676 2628 Paginae
711 2546 888 2630 scripturae
922 2546 1100 2610 destinatae

24 2633 183 2715 bipertitae
206 2641 319 2708 erant,
350 2631 560 2716 singulaeque
591 2631 762 2696 columnae
785 2633 978 2696 constabant
998 2634 1113 2696 uersi-¹

24 2719 78 2780 bus
99 2717 221 2802 uigenis
247 2718 353 2795 senis,
378 2718 423 2780 ita
445 2730 482 2781 ut
504 2719 643 2803 paginae
665 2727 752 2780 totae
768 2740 922 2782 uersuum
937 2719 1100 2801 quinqua·

26 2827 169 2886 genarum
193 2805 349 2868 binorum
372 2827 504 2889 capaces
528 2813 654 2880 essent,
680 2805 828 2888 quamuis
847 2805 1011 2868 interdum
1033 2828 1101 2868 non

26 2889 124 2974 plures
152 2913 253 2976 quam
282 2891 377 2954 binos
406 2891 460 2954 uel
483 2900 591 2954 ternos
621 2891 833 2954 continerent.
880 2893 966 2954 Nam
989 2892 1101 2976 spatiis

25 2977 83 3054 eis,
117 3001 199 3062 quae
230 2977 392 3063 capitibus
423 2977 579 3040 absolutis
607 3000 710 3042 uacua
732 2988 970 3054 remanserant,
996 3000 1101 3060 neque

25 3065 60 3126 ad
77 3065 314 3133 scribendum·
330 3086 475 3147 unquam
505 3087 611 3147 neque
641 3064 680 3126 ad
714 3063 918 3148 pingendum
950 3063 1101 3128 librarius

24 3171 96 3213 usus
123 3161 186 3228 est,
214 3151 273 3213 sed
304 3172 406 3212 unum
432 3152 587 3233 'quodque
616 3160 713 3234 caput
742 3150 920 3235 incipiebat
946 3151 1100 3236 paginam

24 3258 119 3318 neque
148 3239 261 3301 minus
292 3237 372 3300 duas
403 3236 596 3321 complebat.
651 3234 786 3324 Tabulis
811 3237 899 3300 enim
922 3237 1100 3320 insignium

23 3323 168 3406 scriptura
191 3321 287 3386 nulla
310 3323 456 3386 subiecta
478 3333 562 3400 erat,
588 3322 713 3386 etiamsi
730 3323 873 3407 spatium
887 3325 1017 3387 abunde
1033 3323 1102 3385 suf-

23 3409 156 3489 ficiebat,
191 3420 224 3473 et
255 3419 322 3472 tam
352 3409 477 3494 pictura
504 3431 601 3493 quam
632 3418 803 3472 contextus
832 3409 985 3495 paginam
1009 3431 1100 3473 suam

26 3498 176 3562 tenebant.
228 3498 338 3579 Atque
368 3495 596 3581 inscriptiones
620 3495 781 3580 capitum,
814 3496 933 3579 quibus
961 3496 1102 3581 insignia

89 3705 108 3764 1)
128 3704 282 3757 Iam—Aut.
319 3710 390 3756 ,527
403 3701 522 3771 genuina
533 3701 627 3756 lectio:
652 3705 750 3770 Ortya,
766 3701 880 3756 Dresd.:
906 3705 993 3756 Ortaa
1011 3701 1099 3770 Spin:
1115 3685 1127 3708 ⁸

29 3770 138 3841 deripio,-
166 3774 236 3826 Nor.
263 3719 323 3824 arb.
351 3772 429 3824 Rom
455 3791 508 3843 rep.
535 3772 579 3825 VI
593 3781 623 3832 6,·
645 3781 659 3825 7
690 3771 786 3827 Vind.:
818 3773 942 3824 Statuam
967 3771 1099 3834 Mauram,

30 3838 154 3909 Templum
184 3842 231 3895 dei
258 3839 382 3904 Quirina
412 3840 498 3910 Spin:
531 3843 656 3894 Statuam
682 3841 854 3896 mamaritam
877 3840 1032 3911 plumbeam
1058 3841 1103 3893 dei

29 3907 138 3968 Quiana-
163 3913 231 3966 Not.
258 3909 317 3962 aab.
344 3911 435 3963 Goart.
462 3911 502 3963 ΙΙ
523 3920 551 3963 11
576 3910 682 3964 addidit
703 3909 832 3963 librarius
856 3908 944 3979 Spin:
973 3909 1059 3981 Rapio
1084 3911 1106 3962 I

27 3979 143 4039 continet:
162 3980 204 4034 VI
225 3982 258 4031 18
278 3977 397 4059 addidit:
418 3980 510 4038 babet:
529 3980 571 4033 IX
591 3982 619 4032 8:
641 3979 759 4032 addidit:
781 3981 826 4032 ad.

87 4083 107 4144 2)
128 4083 231 4138 Omnia
244 4099 314 4153 quas
327 4082 360 4136 de
372 4082 465 4136 codice
477 4082 624 4154 archetypo
637 4080 759 4135 dicturus
772 4099 841 4146 sum,
862 4081 890 4134 in
902 4080 996 4135 libello
1013 4083 1102 4142 Quae-

27 4147 110 4204 stioaer
128 4155 158 4206 de
179 4155 249 4208 Nat.
272 4151 360 4220 Dian.
384 4154 482 4213 (Beral.
505 4157 578 4212 1879)
599 4151 730 4220 inscripto
748 4151 802 4204 iam
820 4151 947 4220 exposui;
968 4167 1102 4220 perpauca

30 4227 119 4274 tantun
137 4241 166 4276 re
186 4220 287 4276 melius
306 4220 477 4276 considerata
494 4220 520 4274 h,
532 4219 597 4276 r.·a
614 4239 657 4274 me
674 4220 817 4274 immutata
834 4229 907 4273 sunt.
