2954 4886
17 1121 28 1180 1
186 1101 331 1200 URBS
355 1083 1004 1204 CONSTANTINOPOLITANA

406 1256 558 1354 Nona
589 1257 754 1357 ROMA.

468 1523 727 1599 Praefatio.

139 1717 249 1798 Saepe
271 1712 387 1777 litteris
410 1711 530 1788 dediti,
562 1733 642 1794 quos
670 1735 727 1796 pro
756 1715 880 1796 ingenii
910 1717 1061 1783 facultate
1091 1721 1139 1783 la·
1198 1763 1200 1768 ,

29 1819 197 1882 olentium
226 1837 334 1879 rerum
367 1836 443 1878 cura
473 1814 639 1892 sollicitat,
676 1836 765 1879 nunc
792 1821 960 1900 peregrina
993 1825 1140 1902 gentium

53 1943 141 1983 nunc
166 1929 289 1984 secreta
312 1930 467 1980 terrarum
490 1916 648 1979 curiosius
663 1917 770 1980 animo
789 1935 979 2005 peragrante
994 1905 1140 1988 metiun—

43 2026 121 2098 tur,
148 2043 191 2084 ne
217 2021 295 2102 quid
309 2019 539 2083 ‘addamiliaris
557 2019 709 2083 scientiae
725 2023 953 2087 detrimentum
975 2027 1140 2109 relinqua-

56 2139 104 2187 tur
133 2125 304 2207 ignotum,
334 2123 469 2186 inertiae
501 2144 570 2185 esse
592 2123 764 2200 ducentes,
796 2126 823 2188 si
852 2126 950 2191 lateat
979 2129 1136 2202 homines,

57 2229 141 2310 qnod
164 2228 199 2290 in
224 2227 299 2290 orbe
322 2225 471 2290 consistit
491 2225 646 2288 humano.
694 2225 763 2289 Illis
792 2228 891 2311 igitur
914 2241 1039 2296 terrena
1060 2255 1141 2316 pas-

20 2339 46 2392 lo
59 2331 166 2406 sibus,
190 2329 272 2392 freta
295 2329 425 2406 stadiis,
450 2328 601 2394 caelestia
623 2327 807 2392 coniectura
829 2331 1045 2416 captantibus,
1063 2334 1140 2398 bru-

59 2446 124 2494 tum
149 2444 182 2496 et
204 2433 349 2496 desidem
378 2432 539 2508 indicaui,
570 2451 644 2494 cum
666 2433 765 2495 totius
795 2432 878 2497 absit
906 2437 1021 2500 mundi
1052 2461 1138 2515 cura,

60 2538 145 2598 urbis
174 2537 271 2599 etiam
295 2533 693 2620 Constantinopolitanae,
718 2536 753 2598 in
782 2557 847 2620 qua
869 2538 1004 2602 uiuendi
1034 2541 1140 2622 palae-

61 2653 121 2702 stra
150 2652 215 2720 est,
248 2638 347 2702 latere
377 2639 542 2714 notitiam;
576 2632 672 2722 quani
695 2661 792 2723 supra
816 2640 989 2704 conditoris
1011 2643 1140 2707 laudem
1183 2651 1188 2658 '

61 2741 306 2806 THEODOSII
328 2742 443 2805 inuicti
466 2741 685 2826 principis-
706 2743 741 2803 in
764 2765 883 2806 nouam
906 2743 1021 2808 faciem
1044 2759 1139 2810 uetu-

26 2856 142 2911 ttstate
167 2846 292 2908 detersa
306 2883 349 2892 -
363 2847 408 2908 ita
431 2847 534 2909 uirtus
557 2854 588 2906 et
610 2866 687 2908 cura
709 2845 891 2922 decorauit,
917 2859 954 2910 ut
976 2849 1045 2911 eius
1066 2872 1139 2934 per-

63 2947 209 3024 fectioni,
241 2948 388 3031 quamuis
412 2949 454 3010 rit
475 2947 635 3031 quispiam
659 2948 817 3031 diligens,
849 2950 932 3013 nihil
959 2951 1061 3034 possit
1082 2954 1140 3014 ad-

63 3051 202 3132 iungere.
229 3051 398 3114 Uniuersis
421 3051 519 3133 igitur
534 3049 602 3113 eius
624 3049 769 3132 partibus
786 3052 957 3137 diligenter
970 3053 1137 3136 inspectis,

64 3174 227 3236 corporum
250 3174 378 3236 quoque
400 3151 503 3216 eidem
526 3153 774 3217 inseruientium
801 3156 961 3219 recensito
990 3177 1136 3234 numero,

65 3256 157 3318 fidem
178 3277 284 3320 rerum
313 3257 601 3337 omnium‘notitia
625 3239 904 3321 circumscribente
928 3247 1072 3341 signaui,
1103 3270 1140 3322 ut

26 3365 55 3420 ‘lt
67 3357 246 3422 admirantis
265 3359 413 3447 intentio
443 3359 579 3442 singulis
609 3359 720 3422 edocta
748 3362 985 3438 monumentiS‚
1023 3363 1139 3447 ampli-

66 3462 172 3525 tudine
204 3483 334 3544 quoque
368 3470 475 3525 tantae
509 3461 671 3526 felicitatis
704 3463 840 3527 attonita
870 3463 1026 3542 fateatur,
1062 3467 1139 3530 huic

67 3564 134 3626 urbi
155 3587 212 3628 nec
234 3566 365 3628 laudem
389 3565 537 3628 sulficere
559 3588 619 3629 nec
641 3588 790 3629 amorem.

129 3753 143 3805 1
158 3755 166 3805 l
184 3755 388 3828 lnrcmptioeem
399 3754 503 3826 effipiei
513 3754 586 3807 urbia
600 3754 673 3807 mori
682 3755 863 3808 circumdatae
873 3759 1057 3828 praepositam
1069 3759 1139 3811 soles

68 3840 283 3894 seruantem.
308 3842 411 3894 Cenon.
432 3841 480 3892 lat.
501 3839 574 3892 misc.
596 3848 661 3904 378,
681 3843 890 3896 uetustissimum
908 3845 1004 3896 codicis
1025 3845 1137 3914 Spiren-

70 3923 102 3975 sis
118 3929 312 3997 upopraplmm,⁸
331 3945 381 3978 om.
408 3927 466 3979 Vet
483 3926 571 3998 spatio
588 3944 672 3980 uacuo
685 3928 777 3982 relicto
797 3931 827 3982 8¹
843 3931 874 3982 8²
886 3933 896 3996 ll
915 3933 929 3981 3
938 3930 1139 4000 praefationem

71 4028 122 4062 cnm
139 4009 211 4064 initio
224 4011 411 4083 deecm'ptiom's
420 4012 527 4083 primae
544 4012 659 4086 repimus
671 4033 721 4066 om.
738 4015 781 4080 Sll
793 4017 809 4066 4
823 4033 885 4086 sepe
909 4016 952 4080 Vll
967 4019 1083 4068 5curam
1099 4017 1124 4068 V
1129 4017 1138 4082 ιΙ

72 4097 159 4164 illunc
180 4099 223 4164 Vll
235 4103 391 4169 meqluntur
429 4099 456 4152 V
468 4099 500 4151 de
518 4098 570 4151 litt.
591 4115 608 4168 q
627 4099 748 4154 dubitari
759 4105 863 4172 potest,-
883 4120 950 4154 corr.
972 4102 1118 4154 Mommsen
1130 4099 1138 4170 ll

74 4181 213 4238 Sintertiae
231 4186 276 4251 Vll
291 4187 318 4236 11
336 4185 412 4238 deses
425 4204 486 4256 epo,-
505 4185 617 4238 brutum
631 4203 673 4240 me
685 4195 712 4238 et
724 4185 846 4240 desidem
859 4187 1006 4239 Mammam
1018 4188 1029 4252 ΙΙ
1044 4189 1073 4237 12
1088 4203 1136 4256 pa-

73 4266 146 4320 lestra
159 4270 200 4336 Vll
214 4275 243 4322 13
257 4271 437 4342 expectauem'a
454 4270 510 4341 pati
527 4269 610 4326 latere
624 4273 771 4326 Mommsen
783 4276 793 4336 ΙΙ
809 4274 839 4324 18
854 4273 1022 4346 quoquedem
1039 4274 1081 4339 Vll
1093 4290 1137 4326 re-

15 4379 16 4410 ι
75 4361 169 4408 censete
184 4356 211 4409 V.
1104 4365 1106 4370 ’
