2954 4886
253 367 386 412 sermm
406 369 499 412 onais
515 368 944 415 cousinn'rmorormnnsn.
1116 349 1172 412 alt

374 540 611 622 quodammodo
626 541 770 623 speciem
782 541 923 603 ciuitatis
940 541 1093 603 ostendit.
1120 541 1180 604 Est

375 665 453 708 uero
476 642 652 726 progressis
675 666 695 707 a
716 654 808 727 porta
830 643 1004 707 modicum'
1018 643 1082 706 situ
1104 642 1180 725 pla-

374 767 475 822 num,
507 746 620 809 dextro
644 759 752 809 autem
774 747 873 810 latere
899 747 934 809 in
958 746 1080 809 cliuum
1104 769 1180 809 sur-

365 859 472 930 ‘gente
502 870 606 930 usque
631 849 670 912 ad
694 849 837 912 medium
867 849 933 912 fere
957 848 1082 932 plateae
1106 871 1180 932 spa-

375 952 455 1014 tium
493 952 591 1014 nimis
628 974 784 1036 pronum;
827 953 913 1014 unde
951 974 1039 1016 mare
1077 975 1180 1034 usque

374 1054 544 1118 mediocris
559 1055 659 1132 haec,
685 1078 768 1138 quae
785 1056 927 1118 ciuitatis
945 1055 1091 1119 continet
1105 1079 1179 1138 par-

376 1170 454 1233 tem,
480 1157 660 1241 explicatur
683 1159 870 1240 aequalitas.

114 1262 337 1327 Continet
359 1263 397 1322 in
422 1282 481 1324 se:

298 1364 490 1427 Ecclesiam.

299 1467 473 1529 Palatium.
616 1549 618 1556 y

303 1569 525 1653 Nympheum.

302 1673 469 1736 Thermas

298 1775 483 1838 Theatrum.

301 1878 485 1942 Lusorium.

299 1984 437 2046 Pontem
461 1971 633 2045 sublicium
657 1982 727 2045 siue
750 1983 908 2066 ligneum.

300 2087 397 2148 Uicos
421 2086 584 2148 undecim.

302 2189 428 2252 Domos
450 2200 582 2251 centurn
606 2189 776 2272 sexaginta
800 2199 933 2273 septem.

299 2292 446 2355 Porticus
470 2293 606 2354 maiores
630 2293 720 2354 duas.

300 2396 438 2458 Balneas
461 2396 605 2479 priuatas
629 2395 784 2478 quinque.

301 2499 482 2562 Pistrinum
504 2500 673 2583 publicum
702 2521 817 2562 unum.

302 2603 481 2665 Pistrinum
506 2603 671 2687 priuatum
693 2624 809 2664 unum.

306 2705 435 2768 Gradus
453 2707 608 2789 quinque.

453 2911 629 2988 Oolleotio
656 2915 820 2988 ciuitatis.

303 3103 443 3184 Cognita
474 3104 554 3165 urbe
583 3125 640 3186 per
668 3115 796 3186 pamm,
821 3103 869 3167 fas
893 3113 942 3165 est
965 3102 1063 3167 etiam
1085 3089 1185 3166 situm

379 3207 549 3270 conclusae
588 3208 654 3268 iam
698 3205 921 3270 uniuersitatis
959 3208 1110 3292 aperire„
1149 3219 1186 3270 ut

378 3309 638 3392 magnificentiae
671 3309 807 3372 unicum
842 3312 940 3373 decus
978 3332 1046 3372 non
1080 3311 1186 3374 solum

380 3415 530 3476 uideatur
543 3435 638 3496 opere
650 3424 682 3477 et
693 3435 794 3474 manu
807 3413 1003 3489 confectum,
1022 3415 1078 3476 sed
1091 3414 1187 3476 etiam

378 3517 643 3600 conspirantibus
670 3517 839 3580 elementis
867 3528 1001 3581 naturae
1031 3516 1186 3608 felicitate

379 3621 553 3682 munitum.
580 3620 793 3683 Prouidentia.
809 3642 884 3704 ergo
901 3621 1013 3684 diuina
1031 3631 1081 3683 tot
1096 3621 1187 3683 futu—

158 3760 176 3809 ὃ
202 3764 229 3810 et
247 3773 315 3808 uero
344 3757 389 3824 Vll
408 3760 421 3807 'l
442 3749 539 3810 dextio
569 3756 685 3822 Vllcliir
714 3757 741 3810 V
756 3759 766 3822 ΙΙ
787 3760 817 3808 10
842 3757 1006 3810 mediocrem
1034 3759 1099 3824 8211
1118 3775 1187 3825 quae

34 3826 49 3850 ’
82 3866 138 3902 oni.
164 3844 202 3896 82
214 3845 225 3909 ΙΙ
241 3846 272 3895 15
286 3843 441 3913 nymfaeum
459 3845 503 3908 Vll
519 3845 550 3894 19
564 3842 729 3912 supplicium
749 3843 943 3913 Vsupplitium
959 3845 1001 3908 Sll
1014 3843 1126 3913 liganeir
1145 3845 1171 3896 V
1179 3845 1189 3916 ll

85 3938 131 3986 24.
160 3933 195 3981 25
219 3928 366 3999 pristinum
393 3931 419 3984 V
427 3933 437 3994 ll
451 3932 483 3981 ‘lo
502 3928 690 3982 desiderantur
707 3931 883 4000 illaqueatus
902 3931 1027 4002 reqionis,
1048 3931 1105 3983 scil.
1129 3948 1187 3982 cum

84 4017 237 4074 cenandum
262 4016 439 4069 collectionem
457 4017 577 4070 ciuitatis
598 4016 693 4080 (XVI
707 4026 739 4068 44
759 4021 840 4087 seqq.)
867 4035 950 4085 eaeque
976 4021 1084 4068 curator
1105 4035 1188 4086 neque

87 4102 281 4174 uicomaqisoa'
297 4102 325 4155 in
343 4105 394 4156 lanc
412 4103 518 4172 reqione
530 4103 655 4173 fuerint,
681 4103 843 4154 uernaculua
868 4108 893 4155 et
917 4101 1052 4172 colleqioti
1075 4102 1187 4173 triya'nta

85 4197 201 4263 septem.

163 4275 230 4328 XVI
249 4277 264 4327 2
284 4276 418 4328 urbemn.
436 4276 523 4340 S‘llli
543 4276 730 4344 prouidentiae
758 4276 789 4330 V.

143 4381 243 4424 Norrrra
258 4390 407 4420 orourrarnn.
950 4379 981 4429 1ss
