2988 4882
323 326 369 368 xx
771 324 966 368 PRAEFATIO.

326 502 464 556 strorum
478 491 620 555 militum
635 490 843 576 insignibus
834 494 1061 578 inscriptiones
1076 503 1164 556 recte
1179 491 1302 575 positae
1310 512 1419 576 agno

325 590 470 654 scantur,
496 578 707 662 interpolatae
723 580 923 662 corrigantur
938 579 992 644 uel
1008 589 1092 642 certe
1107 577 1305 642 refellantur.
1337 577 1418 638 Nu-

325 665 406 729 meri
439 665 526 728 enim
559 663 720 741 militum,
757 687 895 766 quorum
923 666 1058 729 nomina
1087 675 1144 727 aut
1171 664 1269 747 plane
1298 664 1417 727 eadem

266 778 271 787 ·
324 762 417 826 sunt,
443 751 506 814 nisi
529 753 615 832 quod
639 714 732 814 alteri
754 753 896 850 seniores
920 751 1041 814 alteri
1033 752 1175 814 runiores
1191 749 1414 846 appellantur,
1486 757 1487 774 l

324 850 380 900 aut
402 836 517 900 saltem
540 836 659 901 similia
681 847 718 901 ut
734 837 817 922 sagit
804 839 973 902 ttariorum
988 838 1233 901 Gallicanorum
1257 845 1289 899 et
1309 835 1416 918 sagit-

324 923 479 987 tariorum
501 923 736 1000 Orientalium,
768 934 825 987 aut
847 926 904 1008 qui
926 924 990 986 alia
1012 924 1158 1006 qualibet
1184 944 1219 986 re
1241 933 1309 986 arte
1331 943 1416 984 con-

247 1056 249 1062 .
322 1010 428 1072 iuncti
449 1018 544 1084 sunt,
574 1021 663 1073 ute.
689 1032 721 1092 g.
747 1011 935 1075 Petulantes
967 1023 1000 1074 et
1022 1010 1148 1086 Celtae,
1182 1007 1348 1071 Brachiati
1379 1019 1415 1070 et

324 1096 480 1170 Cornuti,
511 1097 568 1177 qui
594 1096 628 1158 in
651 1096 819 1174 Ammiani
845 1097 936 1160 libris
960 1118 1085 1179 semper
1112 1118 1179 1158 una
1201 1093 1417 1157 nominantur

323 1203 430 1264 neque
459 1143 593 1244 facile
584 1204 620 1244 m
650 1163 856 1265 expeditione
879 1195 935 1245 aut
957 1183 992 1244 in
1021 1181 1167 1246 hibernis
1197 1179 1318 1244 diuulsi
1341 1201 1416 1244 esse

323 1268 493 1346 uidentur,
533 1267 718 1350 insignibus
753 1269 930 1352 clipeorum
963 1269 1123 1331 similibus
1157 1268 1206 1332 uti
1246 1266 1411 1330 solebant.
1488 1267 1489 1270 ’

324 1355 422 1421 Quod
444 1355 593 1436 quamuis
615 1354 747 1418 licentia
763 1356 922 1438 pictorum
938 1367 970 1418 et
984 1353 1253 1438 interpolatorum
1266 1352 1416 1436 plerum-

323 1463 386 1524 que
399 1441 605 1504 obscuratum
620 1441 680 1516 sit,
705 1452 814 1504 tamen
830 1463 918 1504 nunc
934 1462 1064 1524 quoque
1085 1463 1152 1503 non
1167 1461 1336 1522 nunquam
1351 1461 1415 1522 ap-

321 1538 422 1610 paret.
450 1526 635 1590 Similitudo
658 1537 768 1590 autem
789 1528 846 1591 illa
863 1527 1028 1590 interdum
1044 1527 1205 1590 eiusmodi
1219 1541 1279 1601 est,
1297 1537 1333 1587 ut
1350 1526 1415 1588 cli-

322 1613 391 1697 peis
414 1612 558 1696 alioquin
581 1612 712 1697 paribus
735 1636 793 1697 pro
816 1613 923 1676 colore
945 1613 1093 1676 caeruleo
1108 1612 1240 1676 alterius
1257 1613 1292 1674 in
1308 1611 1413 1674 altero
1489 1611 1490 1618 '

323 1701 418 1762 ruber
441 1711 600 1783 ponatur,
626 1699 681 1762 uel
695 1721 753 1782 pro
770 1701 844 1764 albo
859 1699 987 1781 giluus,
1013 1711 1070 1763 aut
1085 1710 1122 1762 ut
1140 1700 1262 1762 colores
1277 1719 1414 1781 permu-

324 1797 392 1848 tent
394 1809 442 1861 ur,
468 1807 496 1848 e.
522 1807 554 1868 g.
581 1795 617 1848 ut
639 1786 674 1847 in
689 1785 734 1848 alt
722 1797 790 1849 tero
806 1785 937 1868 signum
960 1785 1072 1848 album
1093 1785 1128 1847 in
1152 1807 1224 1848 area
1241 1786 1349 1860 rubra,
1375 1783 1414 1846 in
1490 1796 1491 1836 1

322 1871 469 1936 altero
445 1893 575 1955 signum
597 1872 763 1934 rubrum
754 1895 790 1935 m
812 1894 886 1935 area
908 1871 981 1934 alba
1003 1871 1207 1955 depingatur

408 1959 499 2026 Quae
522 1968 559 2020 ut
580 1960 773 2057 probemuS,
804 1958 945 2043 primum
975 1960 1015 2021 de
1045 1957 1091 2021 eis
1120 1957 1240 2022 tabulis
1262 1956 1414 2040 disputa-

323 2044 450 2120 bimus,
482 2065 564 2126 quae
596 2066 671 2106 cum
700 2045 735 2106 in
766 2044 876 2107 codice
899 2045 1072 2128 archetypo
1102 2041 1331 2142 inscriptiones
1354 2043 1413 2105 in-

322 2130 464 2215 signium
498 2152 570 2193 cum
603 2141 758 2193 contextu
790 2131 855 2193 iam
899 2132 1133 2214 propemodum
1171 2130 1410 2213 conspirarent,

321 2216 572 2300 interpolatione
594 2217 744 2280 instituta
773 2218 929 2280 damnum
957 2237 1025 2278 non
1054 2216 1229 2279 admodum
1251 2235 1410 2298 magnum

321 2324 491 2400 perpessae
514 2312 608 2379 sunt3
633 2302 667 2365 id
690 2304 776 2385 quod
798 2302 853 2366 uel
875 2302 1047 2403 praecipue
1071 2303 1110 2365 de
1132 2301 1317 2386 insignibus
1337 2323 1410 2364 ma-

321 2388 386 2473 gist
388 2411 496 2452 rorum
532 2388 616 2452 milit
604 2401 674 2452 tum
711 2389 1009 2472 praesentalium
999 2412 1035 2452 ιιι
1079 2389 1226 2472 partibus
1263 2389 1411 2451 Orientis

326 2476 365 2558 (V
397 2487 429 2538 et
452 2477 508 2558 VlJ
543 2476 719 2538 dicendum
747 2476 818 2539 erit.
866 2475 1020 2538 Conferat
1049 2496 1125 2559 ergo
1155 2473 1255 2538 lector
1283 2473 1409 2558 clipeos

321 2562 555 2626 lanceariorum
578 2562 741 2625 seniorum
769 2563 809 2646 (V
834 2563 861 2644 2)
890 2572 923 2624 et
944 2560 1109 2624 iuniorum
1136 2562 1194 2644 JVI
1219 2565 1270 2643 7J,
1297 2562 1408 2624 louia-

320 2669 437 2711 norum
458 2649 795 2731 Herculianorumque
815 2647 979 2710 iuniorum
1008 2647 1047 2729 (V
1073 2657 1107 2721 33
1133 2649 1160 2730 4)
1188 2657 1221 2710 et
1242 2648 1409 2711 seniorum

325 2733 396 2816 (Oc.
422 2735 452 2798 V
477 2743 509 2808 23
539 2739 588 2820 3J,
614 2735 849 2799 mattiariorum
871 2733 1037 2796 iuniorum
1065 2734 1223 2816 (01.th
1251 2743 1283 2797 et
1298 2733 1409 2796 senio-

319 2843 393 2883 rum
421 2822 544 2904 JV12J,
571 2822 733 2884 Dacorum
756 2832 788 2884 et
811 2820 1004 2904 Scythorum
1020 2829 1052 2882 ct
1079 2822 1318 2902 (Sarmatarum)
1336 2820 1407 2882 Re-

318 2906 447 2991 giorum
474 2908 591 2984 (Vl3;
618 2914 653 2967 4·
646 2915 734 2986 ,,8)
767 2917 864 2989 atque
886 2907 999 2996 eadem
1022 2906 1219 2982 similitudo,
1251 2927 1348 2989 quam
1371 2905 1408 2968 in

319 2992 369 3054 his
393 2993 628 3070 obseruabits
619 3017 653 3056 ιιι
676 2993 863 3076 insignibus
886 2989 1014 3076 quoque
1038 2993 1277 3076 sagittariorum
1298 2992 1408 3055 senio-

318 3100 390 3141 rum
411 3080 641 3180 iuniorumque
664 3080 909 3144 Gallicanorum
938 3081 1003 3161 [Or.
1031 3081 1060 3142 V
1089 3081 1219 3161 13314J
1251 3089 1284 3141 et
1305 3079 1408 3161 sagit-

318 3165 472 3228 tariorum
500 3167 665 3230 iuniorum
687 3165 905 3230 Orientalium
929 3121 1231 3248 dominicorumque
1257 3166 1316 3248 (Vl
1346 3173 1380 3226 14
1392 3193 1402 3243 ;

225 3267 227 3274 ’
322 3253 369 3334 15)
396 3265 584 3336 appareret,
610 3252 674 3315 nisi
696 3253 731 3315 in
755 3274 792 3315 eo
809 3252 938 3328 codice,
963 3273 1060 3334 quem
1076 3273 1135 3315 nos
1156 3252 1406 3315 describendum

317 3341 513 3421 curauimus,
540 3340 576 3401 in
591 3338 704 3421 clipeis
721 3339 849 3402 duobus
870 3340 910 3422 (V
931 3346 985 3415 133
1016 3339 1062 3422 14)
1082 3339 1192 3422 angeli
1213 3337 1296 3414 bini,
1322 3359 1405 3419 quos

316 3424 373 3488 alii
395 3426 522 3489 codices
546 3426 737 3504 ostendunt,
766 3425 877 3488 omissi
899 3427 1052 3506 essent¹J.
1099 3425 1142 3486 Et
1163 3426 1198 3488 iu
1218 3423 1322 3508 clipeo
1338 3435 1404 3487 ter-

316 3510 435 3575 tiorum
464 3513 703 3598 sagittariorum
733 3511 878 3576 Ualentis
913 3513 953 3594 JV
989 3517 1034 3596 15)
1067 3511 1213 3594 alioquin
1239 3510 1406 3574 simillimo

317 3598 462 3662 eiusdem
491 3600 580 3664 modi
609 3597 741 3684 angelos
772 3597 948 3680 aliquando
984 3597 1106 3674 fuisse,
1146 3618 1343 3680 quamquam
1370 3598 1405 3660 in

317 3684 481 3748 codicibus
504 3708 584 3770 quos
612 3685 681 3748 uidi
706 3685 858 3748 omnibus
881 3685 1064 3784 perierunt,
1099 3685 1250 3766 equidem
1272 3705 1404 3783 persua-

315 3792 388 3833 sum
410 3771 530 3850 habeo,
562 3771 705 3856 clipeum
741 3781 850 3834 autem
880 3793 972 3848 eum,
1002 3771 1055 3833 cui
1077 3792 1197 3833 nomen
1221 3770 1405 3854 sagittario-

314 3879 386 3921 rum
409 3859 573 3922 seniomm
590 3858 807 3922 Orientalium
823 3858 1023 3942 adscriptum
1038 3866 1086 3921 est
1106 3857 1165 3940 (VI
1185 3864 1296 3940 13ι,ιι
1279 3855 1404 3920 etiamsi

313 3946 474 4045 pictorum
489 3945 640 4009 licentiae
655 3944 759 4008 multa
774 3943 967 4020 tribuamus,
989 3965 1063 4006 cum
1080 3905 1278 4042 reliquoririn
1294 3953 1404 4007 tamen

312 4032 553 4114 sagittariorum
582 4031 768 4116 insignibus
799 4030 890 4095 nulla
918 4052 952 4093 rc
976 4031 1154 4114 comparari
1176 4040 1295 4114 potest.
1339 4032 1403 4094 Sed
1476 4103 1481 4112 ,

383 4239 403 4302 1)
426 4255 455 4293 ιι.
475 4238 595 4308 picturas
613 4236 742 4292 editionis
761 4235 968 4307 Bdclriugianae
986 4243 1014 4290 ot
1032 4234 1192 4290 Basiliensis
1212 4237 1287 4288 1552.
