2988 4882
496 330 691 375 ruossano,
1069 325 1154 370 xm

89 501 205 585 putaui,
230 502 257 564 si
279 501 422 584 insignia
444 500 670 586 magistrorum
693 498 835 562 militum
858 519 898 561 ex
913 496 1012 559 altera
1035 495 1154 560 codicis

89 597 164 670 parte
185 587 313 650 nouella
335 587 465 670 quidem
488 587 612 650 'ratione
636 587 693 650 sed
714 585 817 649 multo
839 583 960 648 maiore
982 603 1057 645 cnm
1079 583 1159 646 dili-

90 674 181 755 gentia
202 674 379 756 composita
401 673 539 737 describi
561 673 717 736 iuberem.
765 672 861 740 Quod
883 680 919 732 ut
940 668 1088 743 facerem,
1116 689 1155 732 ea

91 781 200 844 quoque
221 761 346 822 ratione
369 760 527 823 adductus
550 780 641 836 sum,
666 768 704 821 ut
724 758 803 819 uiris
826 756 945 832 doctis,
978 755 1035 840 qui
1057 775 1154 818 accu-

90 846 219 908 ratiorem
241 844 281 908 de
303 845 489 929 insignibus
512 846 734 930 quaestionem
756 843 925 907 instituere
947 841 1073 904 uellent
1094 863 1154 904 ne-

91 953 142 1013 que
161 932 281 996 codices
310 931 399 1015 ipsos
422 942 547 1015 praesto
570 931 742 1007 haberent,
772 929 934 1014 quandam
964 927 1153 990 conferendi

90 1018 256 1082 facultatem
287 1020 486 1101 praeberem.
543 1020 619 1081 Mea
651 1017 739 1082 enim
772 1015 914 1079 editione
943 1014 1059 1078 emissa
1093 1014 1154 1077 tria

91 1103 285 1186 picturarum,
312 1105 430 1190 quibus
446 1106 486 1167 de
502 1103 628 1188 agitur,
654 1102 850 1185 exemplaria
871 1101 1049 1178 habebunt,
1070 1120 1153 1182 quae

90 1190 182 1254 omnia
201 1190 314 1254 rinulis
338 1191 476 1256 diuersis
499 1213 539 1253 ex
554 1190 721 1253 communi
742 1190 832 1251 l'onte
854 1188 1039 1263 fluxerunt,
1065 1185 1152 1250 scili-

91 1285 134 1338 cet
151 1277 281 1360 picturas
306 1277 458 1341 editionis
481 1276 670 1340 Basiliensis
683 1279 702 1354 ¹)
730 1297 747 1338 e
771 1274 917 1358 Spirensi
938 1273 1009 1356 ipso
1032 1272 1155 1336 ‹leseri-

91 1373 167 1444 pta,
195 1363 433 1448 Bbckingianas
463 1385 504 1426 ex
532 1361 653 1427 codicis
682 1360 888 1425 Monacensis
919 1371 1011 1443 parte
1043 1369 1155 1443 poste-

90 1449 159 1511 riore
178 1449 322 1526 haustas,
352 1470 459 1527 meas,
491 1471 574 1534 quae
603 1469 644 1511 ex
667 1447 812 1511 eiusdem
838 1445 913 1510 libri
935 1457 1025 1528 parte
1047 1445 1154 1528 priore

90 1535 227 1618 originem
248 1537 384 1598 ducunt.

162 1622 251 1688 Quod
273 1622 316 1686 ad
338 1621 496 1684 Notitiam
519 1620 724 1704 Dignitatum
747 1618 907 1682 edendam
930 1619 976 1682 eis
999 1616 1153 1680 subsidiis

88 1705 245 1772 instructus
273 1709 415 1785 accessi,
450 1719 488 1770 ut
514 1707 670 1770 lectiones
698 1727 781 1790 quae
813 1704 1012 1789 recipiantur
1040 1704 1155 1788 dignas

89 1795 205 1875 posthac
225 1817 265 1858 ex
286 1794 455 1858 codicibus
470 1815 570 1857 manu
585 1793 713 1877 scriptis
735 1790 898 1876 prolatum
921 1790 962 1854 iri
976 1813 1079 1876 paene
1095 1811 1154 1853 ne-

89 1900 152 1962 gare
172 1881 323 1957 audeam,
356 1883 530 1944 amicorum
560 1879 711 1942 comitate
741 1889 774 1940 et
795 1878 969 1962 praecipue
992 1874 1153 1941 Theodori

89 1964 264 2030 Mommseni
285 1967 503 2050 praeceptoris
526 1967 647 2050 optime
670 1966 710 2028 de
724 1986 777 2028 me
792 1963 900 2027 meriti
922 1962 1153 2028 beneuolentia

90 2050 220 2116 effectum
248 2065 307 2116 est.
356 2053 441 2115 Nam
470 2063 502 2116 et
530 2073 612 2136 quae
640 2050 722 2114 mihi
756 2052 796 2113 ab
824 2050 896 2114 aliis
925 2049 1042 2114 collata
1064 2058 1151 2125 sunt,

89 2158 190 2221 magna
210 2161 249 2202 ex
270 2148 362 2222 parte
393 2160 431 2202 eo
453 2138 693 2202 interueniente
714 2137 906 2220 impetraui,
940 2147 972 2199 et
999 2135 1057 2198 ubi
1083 2135 1154 2218 ipse

89 2222 189 2287 inhoe
207 2225 355 2288 laborum
382 2246 501 2308 genere
523 2223 628 2288 adhuc
649 2225 839 2306 inexpertus
860 2223 1051 2299 haerebam,
1087 2223 1155 2284 dux

88 2311 282 2390 peritissimus
305 2312 376 2374 uias
399 2309 593 2374 monstrauit
615 2322 711 2393 atque
734 2311 871 2394 aperuit.
919 2311 1032 2394 ltaque
1054 2308 1154 2371 libros

89 2417 200 2474 omnes,
230 2420 270 2462 ex
301 2397 420 2482 quibus
450 2396 611 2481 Spirensis
642 2395 801 2480 deperditi
830 2396 947 2460 notitia
973 2395 1154 2459 haurienda

88 2492 140 2560 est,
168 2495 219 2548 aut
246 2484 318 2569 ipse
348 2485 472 2548 contuli
500 2493 557 2546 aut
585 2482 639 2547 alii
668 2505 687 2546 a
715 2504 768 2546 me
795 2482 900 2566 rogati
928 2483 1149 2546 contulerunt.

88 2567 131 2630 Ex
149 2571 258 2653 quibus
288 2571 329 2633 de
352 2573 437 2634 Bcor
464 2570 642 2647 amicitiae,
678 2592 743 2652 qua
770 2569 835 2632 iam
858 2590 877 2631 a
897 2569 1011 2652 primis
1029 2567 1154 2632 studio·

88 2675 147 2718 rum
166 2659 255 2722 annis
286 2656 455 2721 coniuncti
481 2678 613 2732 sumna,
644 2656 730 2718 haud
760 2655 894 2740 uulgare
925 2655 1151 2718 documentum

87 2740 175 2819 dedit,
197 2766 273 2807 cum
295 2743 477 2820 Londinio,
503 2743 560 2806 ubi
575 2753 645 2804 tum
660 2743 868 2818 uersabatur,
893 2741 1056 2804 Oxoniam
1077 2762 1153 2824 pro-

88 2825 172 2892 fectus
193 2841 255 2907 est,
282 2841 319 2893 ut
339 2830 482 2894 laborem
505 2829 624 2893 codicis
647 2827 862 2892 Canoniciani
888 2828 939 2911 (0)
966 2827 1154 2891 conferendi

88 2916 151 2978 satis
170 2918 350 2980 taediosum
372 2917 560 3014 susciperet.
609 2916 683 2982 Quo
715 2936 811 2999 opere
839 2915 982 2998 perfecto
1006 2915 1046 2977 de
1073 2913 1152 2976 locis
1185 2960 1190 2968 .

88 3000 278 3080 quibusdam,
312 3003 368 3085 qui
396 3003 477 3066 mihr
499 3002 592 3066 dubii
619 3011 859 3077 remanserant,
891 3023 948 3064 uu.
974 3001 1028 3062 dd.
1061 3000 1154 3064 Neu-

86 3084 169 3150 bauer
188 3101 220 3153 et
242 3091 392 3172 Bywater
415 3089 618 3153 Oxonienses
641 3088 809 3151 certiorem
830 3109 883 3150 me
904 3088 1063 3151 fecerunt.
1110 3085 1154 3148 Et

87 3167 186 3237 librum
213 3175 399 3239 Parisinum
426 3177 498 3259 (P),
528 3185 700 3259 postquam
723 3197 742 3237 a
764 3197 796 3236 u.
821 3174 852 3235 d.
879 3173 1027 3257 Geppert
1055 3193 1152 3235 acce-

87 3276 192 3338 peram,
218 3261 392 3346 Bbckingii
407 3262 614 3325 collationem
636 3262 701 3324 fide
717 3260 851 3340 dignam
866 3281 934 3322 non
953 3281 1039 3335 esse,
1065 3281 1096 3320 u.
1117 3259 1148 3322 d.

87 3341 150 3408 Otto
168 3347 356 3411 Hirschfeld
379 3369 443 3429 qua
465 3358 515 3410 est
529 3347 678 3411 comitate
699 3346 737 3409 iu
752 3367 848 3408 usum
863 3367 974 3410 meum
988 3367 1047 3430 pro
1063 3354 1153 3428 parte

24 3457 27 3462 ·
88 3433 222 3510 contulit,
258 3456 317 3518 pro
346 3443 436 3517 parte
465 3432 621 3498 lectiones
652 3431 894 3514 Bbckingianas
926 3431 1093 3515 suppleuit
1122 3441 1154 3494 et

89 3521 214 3583 conexit.
262 3519 417 3583 Codicem
445 3520 631 3584 Palatinum
656 3520 718 3602 (M)
754 3519 825 3601 ipse
852 3516 995 3603 primum
1023 3518 1154 3582 Monaci

89 3604 179 3669 euolui
199 3629 218 3669 a
240 3607 410 3690 praefectis
433 3607 649 3672 bibliothecae
671 3605 779 3688 regiae
802 3604 979 3687 Fceringer
1002 3613 1034 3667 et
1053 3604 1154 3668 Halm

54 3729 60 3733 -
88 3683 302 3774 benignissime
325 3693 473 3772 adiutus,
505 3705 576 3757 tum
597 3690 778 3755 ministerio
802 3691 891 3775 regio
913 3690 1154 3754 interueniente

89 3773 120 3834 ad
137 3797 182 3842 me
204 3778 394 3842 Berolinum
415 3780 550 3844 missum
574 3780 682 3841 denuo
705 3779 854 3859 inspexi;
884 3778 963 3841 item
986 3776 1155 3840 Uindobo-

89 3864 164 3925 nensi
188 3865 271 3928 libro
306 3865 364 3948 (V)
399 3866 544 3930 eiusdem
574 3864 749 3928 ministerii
778 3864 900 3927 auxilio
922 3862 1154 3927 liberalissimo

88 3939 131 4044 bis·
153 3951 231 4014 mihi
264 3950 313 4014 uti
345 3950 449 4015 licuit.
496 3952 595 4024 Quod
627 3961 737 4014 autem
771 3951 811 4012 ad
842 3949 999 4034 opuscula
1027 3941 1154 4012 minora

88 4039 198 4114 attinet,
238 4036 365 4101 codices
392 4039 527 4102 notitiae
559 4038 648 4100 urbis
678 4037 848 4101 Constant.
888 4058 1001 4100 omnes
1030 4034 1156 4099 contuli

142 4241 159 4306 lJ
179 4243 300 4299 Eaedem
317 4242 445 4313 repetitae
464 4252 530 4298 sunt
547 4243 575 4297 in
595 4242 765 4299 editionibus
790 4241 998 4296 Pancirolianis.
