2954 4886
316 401 450 446 NOTITIA
467 401 562 446 unals
578 399 1005 446 CONSTANTINOPOLITANAE·
1140 379 1199 441 231

507 625 623 720 Regio
644 623 809 698 secunda.

326 812 476 876 Secunda
496 812 585 895 regio
608 813 648 875 ab
669 811 765 874 initio
780 809 896 874 theatri
911 811 1044 873 minoris
1060 821 1133 894 post
1148 833 1200 874 ae-

380 915 566 998 qualitatem
583 912 634 977 sui
654 912 791 977 latenter
806 911 895 976 molli
918 912 1087 978 subleuata
1102 912 1200 992 cliuo,

381 1041 455 1081 mox
478 1017 519 1088 ad
540 1038 627 1080 mare
651 1015 846 1100 praecipitiis
870 1016 1006 1100 abrupta
1022 1015 1198 1080 descendit.

42 1133 65 1185 5
143 1123 360 1186 Continet
381 1123 422 1184 in
447 1143 503 1184 se:

325 1241 501 1305 Ecclesiam
523 1260 686 1322 magnam.

327 1344 503 1406 Ecclesiam
525 1342 702 1426 antiquam.

328 1448 492 1510 Senatum.

328 1548 486 1612 Tribunal
508 1549 678 1632 purpureis
701 1548 854 1630 gradibus
877 1559 1085 1612 exstructum.

330 1653 485 1715 Thermas
510 1650 680 1734 Zeuxippi.

328 1755 514 1819 Theatrum.

328 1857 622 1940 Amphitheatrum.

329 1961 424 2024 Uicoe
447 1959 517 2022 siue
540 1959 730 2042 angiportus
754 1958 887 2040 triginta
910 1973 1070 2040 quattuor.

326 2064 448 2127 Domus
471 2061 647 2141 nonaginta
670 2070 702 2123 et
724 2072 807 2124 octo.

326 2165 472 2229 Porticus
494 2185 628 2248 magnas
652 2174 813 2246 quattuor.

329 2268 464 2333 Balneas
487 2267 630 2352 priuatas
652 2266 817 2330 tredecim.

277 2383 281 2392 ’
328 2371 468 2435 Pistrina
488 2370 615 2454 priuata
637 2379 800 2451 quattuor.

329 2475 457 2538 Gradus
481 2473 558 2534 IIII.

332 2578 519 2640 Curatorem
542 2596 656 2639 unum.

330 2678 547 2744 Uernaculum
570 2701 685 2742 unum.

328 2780 524 2862 Collegiatos
546 2780 853 2864 trigintaquinque.

328 2884 579 2968 Uicomagistros
603 2883 758 2966 quinque.
781 2925 783 2932 ·

530 3141 645 3236 Regio
675 3142 790 3215 tertia.

329 3330 437 3394 Tertia
465 3330 552 3414 regio
581 3329 679 3412 plana
701 3329 833 3413 quidem
855 3331 890 3394 in
913 3333 1075 3414 superiore
1097 3343 1198 3417 parte,

383 3444 494 3517 utpote
523 3433 558 3494 iu
587 3454 624 3496 ea
652 3433 726 3496 circi
755 3433 857 3516 spatio
884 3432 1005 3516 largius
1028 3434 1200 3519 explicato,

334 3573 343 3584 -
383 3537 439 3600 sed
461 3536 502 3599 ab
524 3535 594 3598 eius
617 3545 759 3599 extrema
773 3546 864 3620 parte
887 3537 984 3600 nimis
999 3557 1101 3619 prono
1118 3536 1202 3600 cliuo

381 3661 467 3704 mare
489 3660 592 3721 usque
615 3639 792 3702 descendit.

161 3811 364 3875 Continet
386 3811 427 3872 in
450 3833 507 3872 se:

188 4033 265 4086 1112
283 4033 400 4103 theatro.
423 4033 540 4088 ininoris
563 4035 591 4090 V
604 4037 615 4101 11
636 4038 651 4088 3
670 4035 749 4089 molle
772 4037 799 4090 V
814 4038 825 4101 11
847 4035 954 4112 diuoS
960 4037 967 4072 ¹
989 4038 1000 4099 11
1023 4038 1136 4088 lmane
1159 4035 1201 4102 Vll

108 4118 228 4192 pcipitia
246 4122 272 4174 V
286 4117 405 4191 pcipitus
426 4122 448 4173 S
465 4123 476 4186 11
497 4121 613 4191 abnipta
635 4121 663 4176 V
678 4123 689 4187 11
709 4122 740 4172 12
758 4119 947 4190 ampitheutq.
964 4120 1008 4184 Vll
1024 4121 1053 4170 13
1073 4118 1200 4188 angipor-

108 4217 159 4261 t0⁸
188 4207 254 4344 iva
272 4291 354 4346 tertio
372 4291 417 4358 Vn
430 4293 445 4343 3
458 4297 554 4362 utputa
568 4293 657 4358 81114
676 4292 758 4346 ninus
775 4290 897 4363 proclino
912 4293 933 4347 S
939 4292 947 4328 ¹
960 4294 971 4357 11
984 4294 998 4342 (i
1011 4289 1040 4344 in
1053 4308 1081 4344 ce
1092 4309 1143 4344 cm.
1158 4292 1197 4344 8¹.
