2988 4882
388 1179 790 1293 PRAEFATIO.

135 1581 211 1667 Res
235 1602 348 1665 critica
374 1597 529 1662 librorum
557 1621 658 1684 prope
688 1600 849 1682 omnium,
883 1623 962 1685 quos
990 1601 1051 1664 hoo
1074 1621 1132 1664 vo-

56 1699 169 1762 lumine
200 1696 514 1783 conprehendimuS,
553 1706 609 1760 aut
644 1709 710 1764 tota
743 1709 799 1762 aut
826 1721 945 1784 magna
974 1703 1015 1763 eri
1041 1707 1132 1783 parte

56 1785 161 1848 nititur
183 1808 251 1849 uno
275 1783 386 1848 codice
409 1782 653 1866 manuscripto,
681 1785 736 1868 qui
753 1785 865 1870 Spirae
888 1786 1051 1869 quondam
1074 1785 1133 1848 ad-

60 1883 195 1935 seruatus
218 1882 295 1957 post
316 1870 462 1935 medium
485 1892 511 1932 a.
529 1869 610 1932 XVI
632 1871 739 1956 periit.
788 1873 853 1937 Sed
876 1873 1030 1956 quoniam
1053 1893 1132 1955 apo-

59 1959 170 2042 grapha
198 1960 270 2022 eius
300 1967 451 2041 quattuor
479 1965 606 2035 extant,
642 1979 724 2040 quae
755 1960 863 2023 omnia
892 1981 929 2023 ea
959 1981 1033 2022 eum
1056 1979 1133 2021 cura

60 2043 134 2107 facta
163 2055 255 2126 sunt,
288 2055 326 2107 ut
356 2043 453 2108 etiarn
483 2043 517 2105 in
540 2043 684 2106 minimis
706 2045 802 2109 rebus
831 2045 1030 2130 conspirent,
1065 2065 1132 2106 non

62 2141 104 2193 cst
123 2153 177 2194 cur
198 2132 357 2194 iacturam
371 2151 568 2214 magnopere
584 2129 763 2194 doleamus.
811 2133 861 2196 De
878 2132 1028 2195 omnibus
1044 2131 1132 2194 enim
1240 2199 1242 2206 ¹

60 2216 127 2280 libn‘
152 2219 299 2304 primarii
320 2216 505 2302 scripturis,
544 2217 624 2299 quin
658 2217 755 2280 etiarn
789 2218 829 2280 de
867 2218 1029 2282 diuisione
1063 2216 1131 2280 eius

61 2301 92 2366 in
110 2305 242 2388 paginas
266 2315 299 2368 et
320 2302 488 2367 columnas
509 2323 612 2386 aeque
635 2314 763 2368 constat
785 2294 825 2368 ac'
846 2306 874 2368 si
889 2305 959 2389 ipse
973 2314 1130 2378 maneret,

65 2400 149 2472 atque
171 2393 254 2459 adeo
276 2390 422 2475 picturae
444 2389 514 2454 eius
537 2388 625 2452 felici
641 2393 781 2472 quodam
804 2413 881 2455 casu
899 2391 1133 2476 propemodum

63 2477 195 2562 integrae
218 2479 259 2541 ad
281 2499 341 2540 nos
363 2485 593 2558 peruenerunt.
641 2479 685 2541 Et
707 2479 793 2560 quod
809 2478 855 2540 eis
880 2477 1035 2554 saeculis,
1060 2475 1133 2560 qui-

65 2563 118 2626 bus
137 2565 322 2650 apographa
341 2562 399 2626 illa
422 2562 570 2626 confecta
592 2574 687 2639 sunt,
711 2564 782 2628 fieri
805 2564 945 2641 solebat,
981 2562 1135 2628 uidelicet

66 2658 97 2710 ut
119 2649 151 2712 in
172 2649 301 2734 antiqui
330 2649 523 2733 exemplaris
552 2647 687 2733 picturis
716 2651 935 2715 describendis
963 2672 1014 2712 res
1044 2650 1134 2733 ipsae

67 2735 183 2817 quidem
211 2738 441 2812 redderentur,
480 2736 537 2798 sed
572 2735 779 2801 adhiberetur·
812 2737 944 2801 nouella
976 2734 1135 2820 pingendi

67 2825 136 2886 ratio
157 2836 190 2888 et
211 2823 378 2908 supellex,
410 2822 575 2898 aedificia,
609 2822 729 2888 similia
751 2824 787 2887 in
809 2846 862 2888 eas
885 2825 1004 2888 formas
1027 2831 1134 2884 muta-

67 2922 176 2990 rentur,
203 2933 287 2994 quae
309 2909 490 2987 mipiatoris
513 2917 617 2976 aetate
639 2909 674 2972 in
690 2933 752 2974 usu
769 2921 892 2988 essent,
917 2911 951 2975 id
965 2910 1001 2974 in
1016 2908 1134 2972 nostris

68 3018 180 3079 quoque
202 2997 367 3062 codicibus
400 2997 521 3058 sactum
544 3005 610 3070 est;
645 2999 701 3060 sed
730 3019 804 3060 eum
827 2997 991 3061 Othonem
1013 2995 1136 3058 H'enri-

70 3103 131 3146 cum
152 3085 302 3148 comitem
324 3083 508 3146 Palatinum
530 3081 565 3144 in
589 3105 627 3145 eo
643 3084 837 3168 exemplari,
862 3085 948 3167 quod
972 3105 990 3146 a
1012 3081 1135 3146 clericis

71 3169 259 3251 Spirensibus
283 3171 368 3234 dono
391 3177 577 3252 acceperat,
607 3169 808 3253 picturarum
830 3165 1012 3234 immutatio
1035 3167 1138 3231 offen-

71 3254 162 3332 deret,
197 3258 336 3321 alterum
370 3276 480 3320 earum
514 3255 698 3339 exemplum
732 3257 915 3321 confectum
949 3266 1014 3332 est,
1050 3254 1137 3337 quod

70 3341 172 3407 formas
206 3342 329 3408 codicis
358 3341 505 3424 primarii
533 3362 629 3423 quarn
658 3345 899 3408 accuratissime
926 3342 1075 3406 redderet
1106 3351 1138 3404 et

69 3426 137 3490 libro
167 3431 265 3516 priori
287 3430 450 3491 adnexum
479 3426 636 3511 principis
663 3430 821 3494 desiderio
851 3430 1024 3493 sufficeret.
1071 3427 1137 3494 Qui

70 3512 139 3579 liber
158 3517 281 3602 duplici
303 3516 502 3600 picturarum
525 3514 606 3578 serie
632 3523 807 3586 adornatus
830 3516 936 3581 adhuc
964 3515 1000 3578 in
1021 3513 1141 3577 biblio-

72 3599 151 3668 theca
171 3602 361 3668 Monacensi
383 3601 619 3683 adseruatu11).
671 3607 785 3688 Itaque
807 3605 847 3668 de
870 3601 1020 3667 omnibus
1050 3599 1141 3663 codi-

73 3686 111 3750 eis
135 3690 293 3774 Spirensis
323 3687 468 3773 partibus
502 3687 637 3772 plenum
666 3703 698 3754 et
727 3701 850 3756 certum
878 3688 1036 3753 iudicium
1065 3685 1140 3750 ferri

74 3785 172 3854 potest.

144 3864 214 3931 Quo
236 3863 272 3926 in
295 3861 378 3925 libro
402 3860 570 3924 scribendo
593 3882 668 3929 cum
690 3863 842 3928 librarius
864 3887 885 3927 a
906 3863 1013 3926 littera
1032 3867 1141 3942 aperta
1239 3847 1243 3856 Α

75 3944 218 4013 interdum
236 3971 318 4012 usus
342 3957 442 4024 esset,
469 3947 597 4011 saeculo
617 3952 789 4018 undecimo
805 3949 963 4014 recentior
978 3969 1044 4012 non
1063 3944 1138 4021 fuit,

76 4053 166 4117 neque
186 4048 296 4114 tamen
320 4045 394 4098 ante
422 4035 566 4120 medium
596 4039 760 4103 saeculum
782 4059 907 4102 nonum
930 4031 1138 4121 compositus,

135 4223 154 4288 1)
174 4243 201 4278 u.
222 4225 278 4282 Zur
296 4222 392 4279 Kritik
411 4223 459 4280 der
477 4227 512 4284 N.
533 4229 568 4285 D.
589 4229 707 4284 Hermae
724 4234 745 4282 t.
766 4227 808 4284 IX
827 4245 854 4300 p.
873 4229 932 4281 218.
